
@article{Riste_Nature_2013,
  title = {Deterministic entanglement of superconducting qubits by parity measurement and feedback},
  volume = {502},
  copyright = {{\textcopyright} 2013 Nature Publishing Group, a division of Macmillan Publishers Limited. All Rights Reserved.},
  url = {http://www.nature.com/nature/journal/v502/n7471/full/nature12513.html},
  doi = {10.1038/nature12513},
  language = {en},
  number = {7471},
  urldate = {2015-06-03},
  journal = {Nature},
  author = {Rist{\`e}, D. and Dukalski, M. and Watson, C. A. and {de Lange}, G. and Tiggelman, M. J. and Blanter, Ya M. and Lehnert, K. W. and Schouten, R. N. and {DiCarlo}, L.},
  month = oct,
  year = {2013},
  keywords = {Microwave photonics,Quantum information,Qubits,Superconducting properties and materials},
  pages = {350--354}
}

@article{Degen__2008,
  title = {Scanning magnetic field microscope with a diamond single-spin sensor},
  volume = {92},
  url = {http://scitation.aip.org/content/aip/journal/apl/92/24/10.1063/1.2943282},
  doi = {10.1063/1.2943282},
  number = {24},
  urldate = {2015-06-03},
  journal = {Appl. Phys. Lett.},
  author = {Degen, C. L.},
  month = jun,
  year = {2008},
  keywords = {Diamond,Electron paramagnetic resonance spectroscopy,Magnetic fields,Magnetic field sensors,Magnetic resonance},
  pages = {243111}
}

@article{Taylor_NatPhys_2008,
  title = {High-sensitivity diamond magnetometer with nanoscale resolution},
  volume = {4},
  copyright = {{\textcopyright} 2008 Nature Publishing Group},
  url = {http://www.nature.com/nphys/journal/v4/n10/abs/nphys1075.html},
  doi = {10.1038/nphys1075},
  language = {en},
  number = {10},
  urldate = {2015-06-03},
  journal = {Nat Phys},
  author = {Taylor, J. M. and Cappellaro, P. and Childress, L. and Jiang, L. and Budker, D. and Hemmer, P. R. and Yacoby, A. and Walsworth, R. and Lukin, M. D.},
  month = oct,
  year = {2008},
  pages = {810--816}
}

@article{Balasubramanian_Nature_2008,
  title = {Nanoscale imaging magnetometry with diamond spins under ambient conditions},
  volume = {455},
  copyright = {{\textcopyright} 2008 Nature Publishing Group},
  url = {http://www.nature.com/nature/journal/v455/n7213/abs/nature07278.html},
  doi = {10.1038/nature07278},
  language = {en},
  number = {7213},
  urldate = {2015-06-03},
  journal = {Nature},
  author = {Balasubramanian, Gopalakrishnan and Chan, I. Y. and Kolesov, Roman and Al-Hmoud, Mohannad and Tisler, Julia and Shin, Chang and Kim, Changdong and Wojcik, Aleksander and Hemmer, Philip R. and Krueger, Anke and Hanke, Tobias and Leitenstorfer, Alfred and Bratschitsch, Rudolf and Jelezko, Fedor and Wrachtrup, J{\"o}rg},
  month = oct,
  year = {2008},
  pages = {648--651}
}

@article{Dolde_NatPhys_2011,
  title = {Electric-field sensing using single diamond spins},
  volume = {7},
  copyright = {{\textcopyright} 2011 Nature Publishing Group},
  url = {http://www.nature.com/nphys/journal/v7/n6/full/nphys1969.html},
  doi = {10.1038/nphys1969},
  language = {en},
  number = {6},
  urldate = {2015-06-03},
  journal = {Nat Phys},
  author = {Dolde, F. and Fedder, H. and Doherty, M. W. and N{\"o}bauer, T. and Rempp, F. and Balasubramanian, G. and Wolf, T. and Reinhard, F. and Hollenberg, L. C. L. and Jelezko, F. and Wrachtrup, J.},
  month = jun,
  year = {2011},
  pages = {459--463}
}

@article{Acosta_Phys.Rev.Lett._2010,
  title = {Temperature Dependence of the Nitrogen-Vacancy Magnetic Resonance in Diamond},
  volume = {104},
  url = {http://link.aps.org/doi/10.1103/PhysRevLett.104.070801},
  doi = {10.1103/PhysRevLett.104.070801},
  number = {7},
  urldate = {2015-06-03},
  journal = {Phys. Rev. Lett.},
  author = {Acosta, V. M. and Bauch, E. and Ledbetter, M. P. and Waxman, A. and Bouchard, L.-S. and Budker, D.},
  month = feb,
  year = {2010},
  pages = {070801}
}

@article{Toyli_PNAS_2013,
  title = {Fluorescence thermometry enhanced by the quantum coherence of single spins in diamond},
  volume = {110},
  url = {http://www.pnas.org/content/110/21/8417},
  doi = {10.1073/pnas.1306825110},
  language = {en},
  number = {21},
  urldate = {2015-06-03},
  journal = PNAS,
  author = {Toyli, David M. and de las Casas, Charles F. and Christle, David J. and Dobrovitski, Viatcheslav V. and Awschalom, David D.},
  month = may,
  year = {2013},
  keywords = {electron spin resonance,quantum control,spintronics},
  pages = {8417--8421},
  pmid = {23650364}
}

@article{Ovartchaiyapong_NatCommun_2014,
  title = {Dynamic strain-mediated coupling of a single diamond spin to a mechanical resonator},
  volume = {5},
  copyright = {{\textcopyright} 2014 Nature Publishing Group, a division of Macmillan Publishers Limited. All Rights Reserved.},
  url = {http://www.nature.com/ncomms/2014/140718/ncomms5429/full/ncomms5429.html},
  doi = {10.1038/ncomms5429},
  language = {en},
  urldate = {2015-06-03},
  journal = {Nat Commun},
  author = {Ovartchaiyapong, Preeti and Lee, Kenneth W. and Myers, Bryan A. and Jayich, Ania C. Bleszynski},
  month = jul,
  year = {2014},
  keywords = {Applied physics,Physical sciences}
}

@article{LeSage_Nature_2013,
  title = {Optical magnetic imaging of living cells},
  volume = {496},
  copyright = {{\textcopyright} 2013 Nature Publishing Group, a division of Macmillan Publishers Limited. All Rights Reserved.},
  url = {http://www.nature.com/nature/journal/v496/n7446/full/nature12072.html},
  doi = {10.1038/nature12072},
  language = {en},
  number = {7446},
  urldate = {2015-06-03},
  journal = {Nature},
  author = {Le Sage, D. and Arai, K. and Glenn, D. R. and {DeVience}, S. J. and Pham, L. M. and Rahn-Lee, L. and Lukin, M. D. and Yacoby, A. and Komeili, A. and Walsworth, R. L.},
  month = apr,
  year = {2013},
  keywords = {Applied physics,Cellular imaging,Imaging techniques,Techniques and applications},
  pages = {486--489}
}

@article{Kucsko_Nature_2013,
  title = {Nanometre-scale thermometry in a living cell},
  volume = {500},
  copyright = {{\textcopyright} 2013 Nature Publishing Group, a division of Macmillan Publishers Limited. All Rights Reserved.},
  url = {http://www.nature.com/nature/journal/v500/n7460/full/nature12373.html},
  doi = {10.1038/nature12373},
  language = {en},
  number = {7460},
  urldate = {2015-06-03},
  journal = {Nature},
  author = {Kucsko, G. and Maurer, P. C. and Yao, N. Y. and Kubo, M. and Noh, H. J. and Lo, P. K. and Park, H. and Lukin, M. D.},
  month = aug,
  year = {2013},
  keywords = {Biosensors,Quantum metrology},
  pages = {54--58}
}

@article{Kolkowitz_Science_2015,
  title = {Probing Johnson noise and ballistic transport in normal metals with a single-spin qubit},
  volume = {347},
  url = {http://www.sciencemag.org/content/347/6226/1129},
  doi = {10.1126/science.aaa4298},
  language = {en},
  number = {6226},
  urldate = {2015-06-03},
  journal ={Science},
  author = {Kolkowitz, S. and Safira, A. and High, A. A. and Devlin, R. C. and Choi, S. and Unterreithmeier, Q. P. and Patterson, D. and Zibrov, A. S. and Manucharyan, V. E. and Park, H. and Lukin, M. D.},
  month = jun,
  year = {2015},
  pages = {1129--1132},
  pmid = {25636797}
}

@article{Vijay_Nature_2012,
  title = {Stabilizing Rabi oscillations in a superconducting qubit using quantum feedback},
  volume = {490},
  copyright = {{\textcopyright} 2012 Nature Publishing Group, a division of Macmillan Publishers Limited. All Rights Reserved.},
  url = {http://www.nature.com/nature/journal/v490/n7418/full/nature11505.html},
  doi = {10.1038/nature11505},
  language = {en},
  number = {7418},
  urldate = {2015-06-03},
  journal = {Nature},
  author = {Vijay, R. and Macklin, C. and Slichter, D. H. and Weber, S. J. and Murch, K. W. and Naik, R. and Korotkov, A. N. and Siddiqi, I.},
  month = oct,
  year = {2012},
  keywords = {Applied physics,Engineering,Physics},
  pages = {77--80}
}

@article{Raussendorf_Phys.Rev.Lett._2001,
  title = {A One-Way Quantum Computer},
  volume = {86},
  url = {http://link.aps.org/doi/10.1103/PhysRevLett.86.5188},
  doi = {10.1103/PhysRevLett.86.5188},
  number = {22},
  urldate = {2015-06-09},
  journal = {Phys. Rev. Lett.},
  author = {Raussendorf, Robert and Briegel, Hans J.},
  month = may,
  year = {2001},
  pages = {5188--5191}
}

@article{Moehring_Nature_2007,
  title = {Entanglement of single-atom quantum bits at a distance},
  volume = {449},
  copyright = {{\textcopyright} 2007 Nature Publishing Group},
  url = {http://www.nature.com/nature/journal/v449/n7158/full/nature06118.html},
  doi = {10.1038/nature06118},
  language = {en},
  number = {7158},
  urldate = {2015-06-09},
  journal = {Nature},
  author = {Moehring, D. L. and Maunz, P. and Olmschenk, S. and Younge, K. C. and Matsukevich, D. N. and Duan, L.-M. and Monroe, C.},
  month = sep,
  year = {2007},
  pages = {68--71}
}

@article{Ritter_Nature_2012,
  title = {An elementary quantum network of single atoms in optical cavities},
  volume = {484},
  copyright = {{\textcopyright} 2012 Nature Publishing Group, a division of Macmillan Publishers Limited. All Rights Reserved.},
  url = {http://www.nature.com/nature/journal/v484/n7393/full/nature11023.html},
  doi = {10.1038/nature11023},
  language = {en},
  number = {7393},
  urldate = {2015-06-09},
  journal = {Nature},
  author = {Ritter, Stephan and N{\"o}lleke, Christian and Hahn, Carolin and Reiserer, Andreas and Neuzner, Andreas and Uphoff, Manuel and M{\"u}cke, Martin and Figueroa, Eden and Bochmann, Joerg and Rempe, Gerhard},
  month = apr,
  year = {2012},
  keywords = {Physics},
  pages = {195--200}
}

@article{Campbell_Phys.Rev.Lett._2008,
  title = {Measurement-Based Entanglement under Conditions of Extreme Photon Loss},
  volume = {101},
  url = {http://link.aps.org/doi/10.1103/PhysRevLett.101.130502},
  doi = {10.1103/PhysRevLett.101.130502},
  number = {13},
  urldate = {2015-06-23},
  journal = {Phys. Rev. Lett.},
  author = {Campbell, Earl T. and Benjamin, Simon C.},
  month = sep,
  year = {2008},
  pages = {130502}
}

@article{Hofmann_Science_2012,
  title = {Heralded Entanglement Between Widely Separated Atoms},
  volume = {337},
  url = {http://www.sciencemag.org/content/337/6090/72},
  doi = {10.1126/science.1221856},
  language = {en},
  number = {6090},
  urldate = {2015-06-09},
  journal ={Science},
  author = {Hofmann, Julian and Krug, Michael and Ortegel, Norbert and G{\'e}rard, Lea and Weber, Markus and Rosenfeld, Wenjamin and Weinfurter, Harald},
  month = jun,
  year = {2012},
  pages = {72--75},
  pmid = {22767924}
}

@article{Briegel_Phys.Rev.Lett._1998,
  title = {Quantum Repeaters: The Role of Imperfect Local Operations in Quantum Communication},
  volume = {81},
  shorttitle = {Quantum Repeaters},
  url = {http://link.aps.org/doi/10.1103/PhysRevLett.81.5932},
  doi = {10.1103/PhysRevLett.81.5932},
  number = {26},
  urldate = {2015-06-09},
  journal = {Phys. Rev. Lett.},
  author = {Briegel, H.-J. and D{\"u}r, W. and Cirac, J. I. and Zoller, P.},
  month = dec,
  year = {1998},
  pages = {5932--5935}
}

@article{Nickerson_NatCommun_2013,
  title = {Topological quantum computing with a very noisy network and local error rates approaching one percent},
  volume = {4},
  copyright = {{\textcopyright} 2013 Nature Publishing Group, a division of Macmillan Publishers Limited. All Rights Reserved.},
  url = {http://www.nature.com/ncomms/journal/v4/n4/full/ncomms2773.html},
  doi = {10.1038/ncomms2773},
  language = {en},
  urldate = {2015-06-09},
  journal = {Nat Commun},
  author = {Nickerson, Naomi H. and Li, Ying and Benjamin, Simon C.},
  month = apr,
  year = {2013},
  keywords = {Nanotechnology,Physical sciences,Theoretical physics},
  pages = {1756}
}

@article{Taminiau_Phys.Rev.Lett._2012,
  title = {Detection and Control of Individual Nuclear Spins Using a Weakly Coupled Electron Spin},
  volume = {109},
  url = {http://link.aps.org/doi/10.1103/PhysRevLett.109.137602},
  doi = {10.1103/PhysRevLett.109.137602},
  number = {13},
  urldate = {2015-06-09},
  journal = {Phys. Rev. Lett.},
  author = {Taminiau, T. H. and Wagenaar, J. J. T. and {van der Sar}, T. and Jelezko, F. and Dobrovitski, V. V. and Hanson, R.},
  month = sep,
  year = {2012},
  pages = {137602}
}

@article{Gillett_Phys.Rev.Lett._2010,
  title = {Experimental Feedback Control of Quantum Systems Using Weak Measurements},
  volume = {104},
  url = {http://link.aps.org/doi/10.1103/PhysRevLett.104.080503},
  doi = {10.1103/PhysRevLett.104.080503},
  number = {8},
  urldate = {2015-07-02},
  journal = {Phys. Rev. Lett.},
  author = {Gillett, G. G. and Dalton, R. B. and Lanyon, B. P. and Almeida, M. P. and Barbieri, M. and Pryde, G. J. and O'Brien, J. L. and Resch, K. J. and Bartlett, S. D. and White, A. G.},
  month = feb,
  year = {2010},
  pages = {080503}
}

@article{Pusey_NatPhys_2012,
  title = {On the reality of the quantum state},
  volume = {8},
  copyright = {{\textcopyright} 2012 Nature Publishing Group},
  url = {http://www.nature.com/nphys/journal/v8/n6/full/nphys2309.html},
  doi = {10.1038/nphys2309},
  language = {en},
  number = {6},
  urldate = {2015-07-02},
  journal = {Nat Phys},
  author = {Pusey, Matthew F. and Barrett, Jonathan and Rudolph, Terry},
  month = jun,
  year = {2012},
  keywords = {Quantum physics},
  pages = {475--478}
}

@article{Benjamin_Laser&Photon.Rev._2009,
  title = {Prospects for measurement-based quantum computing with solid state spins},
  volume = {3},
  copyright = {Copyright {\textcopyright} 2009 {WILEY}-{VCH} Verlag {GmbH} \& Co. {KGaA}, Weinheim},
  url = {http://onlinelibrary.wiley.com/doi/10.1002/lpor.200810051/abstract},
  doi = {10.1002/lpor.200810051},
  language = {en},
  number = {6},
  urldate = {2015-07-02},
  journal = {Laser \& Photon. Rev.},
  author = {Benjamin, S.c. and Lovett, B.w. and Smith, J.m.},
  month = nov,
  year = {2009},
  keywords = {Coherence,entanglement,graph states,NV centres,Quantum computing,quantum dots.,spin qubits},
  pages = {556--574}
}

@article{Chou_Nature_2005,
  title = {Measurement-induced entanglement for excitation stored in remote atomic ensembles},
  volume = {438},
  copyright = {{\textcopyright} 2005 Nature Publishing Group},
  url = {http://www.nature.com/nature/journal/v438/n7069/abs/nature04353.html},
  doi = {10.1038/nature04353},
  language = {en},
  number = {7069},
  urldate = {2015-10-06},
  journal = {Nature},
  author = {Chou, C. W. and {de Riedmatten}, H. and Felinto, D. and Polyakov, S. V. and {van Enk}, S. J. and Kimble, H. J.},
  month = dec,
  year = {2005},
  pages = {828--832}
}

@article{Dolde_NatCommun_2014,
  title = {High-fidelity spin entanglement using optimal control},
  volume = {5},
  copyright = {{\textcopyright} 2014 Nature Publishing Group, a division of Macmillan Publishers Limited. All Rights Reserved.},
  url = {http://www.nature.com/ncomms/2014/140228/ncomms4371/abs/ncomms4371.html},
  doi = {10.1038/ncomms4371},
  language = {en},
  urldate = {2015-07-02},
  journal = {Nat Commun},
  author = {Dolde, Florian and Bergholm, Ville and Wang, Ya and Jakobi, Ingmar and Naydenov, Boris and Pezzagna, S{\'e}bastien and Meijer, Jan and Jelezko, Fedor and Neumann, Philipp and Schulte-Herbr{\"u}ggen, Thomas and Biamonte, Jacob and Wrachtrup, J{\"o}rg},
  month = feb,
  year = {2014},
  keywords = {Applied physics,Condensed matter,Nanotechnology,Physical sciences}
}

@article{Schirhagl__2014,
  title = {Nitrogen-Vacancy Centers in Diamond: Nanoscale Sensors for Physics and Biology},
  volume = {65},
  shorttitle = {Nitrogen-Vacancy Centers in Diamond},
  url = {http://dx.doi.org/10.1146/annurev-physchem-040513-103659},
  doi = {10.1146/annurev-physchem-040513-103659},
  number = {1},
  urldate = {2015-10-03},
  journal = {Annu. Rev. Phys. Chem.},
  author = {Schirhagl, Romana and Chang, Kevin and Loretz, Michael and Degen, Christian L.},
  year = {2014},
  keywords = {fluorescent biomarker,nanoscale sensing,NV center,optically detected magnetic resonance (ODMR),quantum sensing},
  pages = {83--105},
  pmid = {24274702}
}

@article{Sayrin_Nature_2011,
  title = {Real-time quantum feedback prepares and stabilizes photon number states},
  volume = {477},
  copyright = {{\textcopyright} 2011 Nature Publishing Group, a division of Macmillan Publishers Limited. All Rights Reserved.},
  url = {http://www.nature.com/nature/journal/v477/n7362/full/nature10376.html},
  doi = {10.1038/nature10376},
  language = {en},
  number = {7362},
  urldate = {2015-10-06},
  journal = {Nature},
  author = {Sayrin, Cl{\'e}ment and Dotsenko, Igor and Zhou, Xingxing and Peaudecerf, Bruno and Rybarczyk, Th{\'e}o and Gleyzes, S{\'e}bastien and Rouchon, Pierre and Mirrahimi, Mazyar and Amini, Hadis and Brune, Michel and Raimond, Jean-Michel and Haroche, Serge},
  month = sep,
  year = {2011},
  keywords = {Physics},
  pages = {73--77}
}

@article{Cramer_arXiv_2015,
  title = {Repeated quantum error correction on a continuously encoded qubit by real-time feedback},
  url = {http://arxiv.org/abs/1508.01388},
  urldate = {2015-10-06},
  journal = {arXiv:1508.01388},
  author = {Cramer, Julia and Kalb, Norbert and Rol, M. Adriaan and Hensen, Bas and Blok, Machiel S. and Markham, Matthew and Twitchen, Daniel J. and Hanson, Ronald and Taminiau, Tim H.},
  month = aug,
  year = {2015},
  keywords = {Condensed Matter - Mesoscale and Nanoscale Physics,Quantum physics},
  arxiv = {1508.01388}
}

@article{Casanova_arXiv_2015,
  title = {Robust Dynamical Decoupling Sequences for Individual Nuclear Spin Addressing},
  url = {http://arxiv.org/abs/1506.03766},
  urldate = {2015-10-06},
  journal = {arXiv:1506.03766},
  author = {Casanova, J. and Haase, J. F. and Wang, Z.-Y. and Plenio, M. B.},
  month = jun,
  year = {2015},
  keywords = {Quantum physics},
  annote = {Comment: 5 pages, 4 figures},
  arxiv = {1506.03766}
}

@article{Liu_NatCommun_2013,
  title = {Noise-resilient quantum evolution steered by dynamical decoupling},
  volume = {4},
  copyright = {{\textcopyright} 2013 Nature Publishing Group, a division of Macmillan Publishers Limited. All Rights Reserved.},
  url = {http://www.nature.com/ncomms/2013/130805/ncomms3254/full/ncomms3254.html\#close},
  doi = {10.1038/ncomms3254},
  language = {en},
  urldate = {2015-10-06},
  journal = {Nat Commun},
  author = {Liu, Gang-Qin and Po, Hoi Chun and Du, Jiangfeng and Liu, Ren-Bao and Pan, Xin-Yu},
  month = aug,
  year = {2013},
  keywords = {Applied physics,Condensed matter,Physical sciences},
  pages = {2254}
}

@article{Janitz_arXiv_2015,
  title = {A Fabry-Perot Microcavity for Diamond-Based Photonics},
  url = {http://arxiv.org/abs/1508.06588},
  urldate = {2015-10-06},
  journal = {arXiv:1508.06588},
  author = {Janitz, Erika and Ruf, Maximilian and Dimock, Mark and Bourassa, Alexandre and Sankey, Jack and Childress, Lilian},
  month = aug,
  year = {2015},
  keywords = {Physics - Optics,Quantum physics},
  annote = {Comment: 12 pages, 7 figures},
  arxiv = {1508.06588}
}

@article{Albrecht_Phys.Rev.Lett._2013,
  title = {Coupling of a Single Nitrogen-Vacancy Center in Diamond to a Fiber-Based Microcavity},
  volume = {110},
  url = {http://link.aps.org/doi/10.1103/PhysRevLett.110.243602},
  doi = {10.1103/PhysRevLett.110.243602},
  number = {24},
  urldate = {2015-10-06},
  journal = {Phys. Rev. Lett.},
  author = {Albrecht, Roland and Bommer, Alexander and Deutsch, Christian and Reichel, Jakob and Becher, Christoph},
  month = jun,
  year = {2013},
  pages = {243602}
}

@article{Kaupp_Phys.Rev.A_2013,
  title = {Scaling laws of the cavity enhancement for nitrogen-vacancy centers in diamond},
  volume = {88},
  url = {http://link.aps.org/doi/10.1103/PhysRevA.88.053812},
  doi = {10.1103/PhysRevA.88.053812},
  number = {5},
  urldate = {2015-10-06},
  journal = {Phys. Rev. A},
  author = {Kaupp, Hanno and Deutsch, Christian and Chang, Huan-Cheng and Reichel, Jakob and H{\"a}nsch, Theodor W. and Hunger, David},
  month = nov,
  year = {2013},
  pages = {053812}
}

@article{Hensen_arXiv_2015,
  title = {Experimental loophole-free violation of a Bell inequality using entangled electron spins separated by 1.3 km},
  url = {http://arxiv.org/abs/1508.05949},
  urldate = {2015-10-06},
  journal = {arXiv:1508.05949},
  author = {Hensen, B. and Bernien, H. and Dr{\'e}au, A. E. and Reiserer, A. and Kalb, N. and Blok, M. S. and Ruitenberg, J. and Vermeulen, R. F. L. and Schouten, R. N. and Abell{\'a}n, C. and Amaya, W. and Pruneri, V. and Mitchell, M. W. and Markham, M. and Twitchen, D. J. and Elkouss, D. and Wehner, S. and Taminiau, T. H. and Hanson, R.},
  month = aug,
  year = {2015},
  keywords = {Quantum physics},
  annote = {Comment: Raw data will be made available after publication},
  arxiv = {1508.05949}
}

@article{Zaske_Phys.Rev.Lett._2012,
  title = {Visible-to-Telecom Quantum Frequency Conversion of Light from a Single Quantum Emitter},
  volume = {109},
  url = {http://link.aps.org/doi/10.1103/PhysRevLett.109.147404},
  doi = {10.1103/PhysRevLett.109.147404},
  number = {14},
  urldate = {2015-10-06},
  journal = {Phys. Rev. Lett.},
  author = {Zaske, Sebastian and Lenhard, Andreas and Ke{\ss}ler, Christian A. and Kettler, Jan and Hepp, Christian and Arend, Carsten and Albrecht, Roland and Schulz, Wolfgang-Michael and Jetter, Michael and Michler, Peter and Becher, Christoph},
  month = oct,
  year = {2012},
  pages = {147404}
}

@article{DeGreve_Nature_2012,
  title = {Quantum-dot spin-photon entanglement via frequency downconversion to telecom wavelength},
  volume = {491},
  copyright = {{\textcopyright} 2012 Nature Publishing Group, a division of Macmillan Publishers Limited. All Rights Reserved.},
  url = {http://www.nature.com/nature/journal/v491/n7424/full/nature11577.html},
  doi = {10.1038/nature11577},
  language = {en},
  number = {7424},
  urldate = {2015-10-06},
  journal = {Nature},
  author = {De Greve, Kristiaan and Yu, Leo and {McMahon}, Peter L. and Pelc, Jason S. and Natarajan, Chandra M. and Kim, Na Young and Abe, Eisuke and Maier, Sebastian and Schneider, Christian and Kamp, Martin and H{\"o}fling, Sven and Hadfield, Robert H. and Forchel, Alfred and Fejer, M. M. and Yamamoto, Yoshihisa},
  month = nov,
  year = {2012},
  keywords = {Applied physics,Engineering,Information technology,Physics},
  pages = {421--425}
}

@article{Maletinsky_NatNano_2012,
  title = {A robust scanning diamond sensor for nanoscale imaging with single nitrogen-vacancy centres},
  volume = {7},
  copyright = {{\textcopyright} 2012 Nature Publishing Group},
  url = {http://www.nature.com/nnano/journal/v7/n5/full/nnano.2012.50.html},
  doi = {10.1038/nnano.2012.50},
  language = {en},
  number = {5},
  urldate = {2015-10-06},
  journal = {Nat Nano},
  author = {Maletinsky, P. and Hong, S. and Grinolds, M. S. and Hausmann, B. and Lukin, M. D. and Walsworth, R. L. and Loncar, M. and Yacoby, A.},
  month = may,
  year = {2012},
  keywords = {Nanomagnetism and spintronics,Nanometrology and instrumentation,Nanosensors and other devices,Photonic structures and devices,Synthesis and processing},
  pages = {320--324}
}

@article{Rondin__2012,
  title = {Nanoscale magnetic field mapping with a single spin scanning probe magnetometer},
  volume = {100},
  url = {http://scitation.aip.org/content/aip/journal/apl/100/15/10.1063/1.3703128},
  doi = {10.1063/1.3703128},
  number = {15},
  urldate = {2015-10-06},
  journal = {Appl. Phys. Lett.},
  author = {Rondin, L. and Tetienne, J.-P. and Spinicelli, P. and Savio, C. Dal and Karrai, K. and Dantelle, G. and Thiaville, A. and Rohart, S. and Roch, J.-F. and Jacques, V.},
  month = apr,
  year = {2012},
  keywords = {Atomic force microscopes,Electron paramagnetic resonance spectroscopy,Magnetic fields,Magnetic field sensors,Photoluminescence},
  pages = {153118}
}

@article{Pelliccione_Phys.Rev.Applied_2014,
  title = {Two-Dimensional Nanoscale Imaging of Gadolinium Spins via Scanning Probe Relaxometry with a Single Spin in Diamond},
  volume = {2},
  url = {http://link.aps.org/doi/10.1103/PhysRevApplied.2.054014},
  doi = {10.1103/PhysRevApplied.2.054014},
  number = {5},
  urldate = {2015-10-06},
  journal = {Phys. Rev. Applied},
  author = {Pelliccione, M. and Myers, B.\hspace{0.167em}A. and Pascal, L.\hspace{0.167em}M.\hspace{0.167em}A. and Das, A. and Bleszynski Jayich, A.\hspace{0.167em}C.},
  month = nov,
  year = {2014},
  pages = {054014}
}

@article{Haberle_NatNano_2015,
  title = {Nanoscale nuclear magnetic imaging with chemical contrast},
  volume = {10},
  copyright = {{\textcopyright} 2014 Nature Publishing Group},
  url = {http://www.nature.com/nnano/journal/v10/n2/abs/nnano.2014.299.html},
  doi = {10.1038/nnano.2014.299},
  language = {en},
  number = {2},
  urldate = {2015-10-06},
  journal = {Nat Nano},
  author = {H{\"a}berle, T. and Schmid-Lorch, D. and Reinhard, F. and Wrachtrup, J.},
  month = feb,
  year = {2015},
  pages = {125--128}
}

@article{vanderSar_NatCommun_2015,
  title = {Nanometre-scale probing of spin waves using single-electron spins},
  volume = {6},
  copyright = {{\textcopyright} 2015 Nature Publishing Group, a division of Macmillan Publishers Limited. All Rights Reserved.},
  url = {http://www.nature.com/ncomms/2015/150807/ncomms8886/full/ncomms8886.html},
  doi = {10.1038/ncomms8886},
  language = {en},
  urldate = {2015-10-06},
  journal = {Nat Commun},
  author = {{van der Sar}, Toeno and Casola, Francesco and Walsworth, Ronald and Yacoby, Amir},
  month = aug,
  year = {2015},
  keywords = {Applied physics,Nanotechnology,Physical sciences},
  pages = {7886}
}

@article{Ferrie_Phys.Rev.Lett._2014,
  title = {How the Result of a Single Coin Toss Can Turn Out to be 100 Heads},
  volume = {113},
  url = {http://link.aps.org/doi/10.1103/PhysRevLett.113.120404},
  doi = {10.1103/PhysRevLett.113.120404},
  number = {12},
  urldate = {2015-10-06},
  journal = {Phys. Rev. Lett.},
  author = {Ferrie, Christopher and Combes, Joshua},
  month = sep,
  year = {2014},
  pages = {120404}
}

@article{Pusey_Phys.Rev.Lett._2014,
  title = {Anomalous Weak Values Are Proofs of Contextuality},
  volume = {113},
  url = {http://link.aps.org/doi/10.1103/PhysRevLett.113.200401},
  doi = {10.1103/PhysRevLett.113.200401},
  number = {20},
  urldate = {2015-10-06},
  journal = {Phys. Rev. Lett.},
  author = {Pusey, Matthew F.},
  month = nov,
  year = {2014},
  pages = {200401}
}

@article{Aharonov_Phys.Rev.Lett._1988,
  title = {How the result of a measurement of a component of the spin of a spin-1/2 particle can turn out to be 100},
  volume = {60},
  url = {http://link.aps.org/doi/10.1103/PhysRevLett.60.1351},
  doi = {10.1103/PhysRevLett.60.1351},
  number = {14},
  urldate = {2015-10-06},
  journal = {Phys. Rev. Lett.},
  author = {Aharonov, Yakir and Albert, David Z. and Vaidman, Lev},
  month = apr,
  year = {1988},
  pages = {1351--1354}
}

@article{Wezel_Proc.R.Soc.A_2012,
  title = {A nanoscale experiment measuring gravity's role in breaking the unitarity of quantum dynamics},
  volume = {468},
  copyright = {This journal is {\textcopyright} 2011 The Royal Society},
  url = {http://rspa.royalsocietypublishing.org/content/468/2137/35},
  doi = {10.1098/rspa.2011.0201},
  language = {en},
  number = {2137},
  urldate = {2015-10-06},
  journal = {Proc. R. Soc. A},
  author = {van Wezel, Jasper and Oosterkamp, Tjerk H.},
  month = jan,
  year = {2012},
  pages = {35--56}
}

@article{Diosi_PhysicsLettersA_1987,
  title = {A universal master equation for the gravitational violation of quantum mechanics},
  volume = {120},
  url = {http://www.sciencedirect.com/science/article/pii/0375960187906815},
  doi = {10.1016/0375-9601(87)90681-5},
  number = {8},
  urldate = {2015-10-06},
  journal = {Physics Letters A},
  author = {Di{\'o}si, L.},
  month = mar,
  year = {1987},
  pages = {377--381}
}

@article{Penrose_Phil.Trans.R.Soc.Lond.A_1998,
  title = {Quantum computation, entanglement and state reduction},
  volume = {356},
  url = {http://rsta.royalsocietypublishing.org/content/356/1743/1927},
  doi = {10.1098/rsta.1998.0256},
  language = {en},
  number = {1743},
  urldate = {2015-10-06},
  journal = {Phil. Trans. R. Soc. Lond. A},
  author = {Penrose, Roger},
  month = aug,
  year = {1998},
  pages = {1927--1939}
}


