%% This BibTeX bibliography file in UTF-8 format was created using Papers for Windows.
%% http://papersapp.com/papers/


@article{Guerlin_Nature_2007,
author = {Guerlin, Christine and Bernu, Julien and Del$\'e$glise, Samuel and Sayrin, Cl$\'e$ment and Gleyzes, S$\'e$bastien and Kuhr, Stefan and Brune, Michel and Raimond, Jean-Michel and Haroche, Serge},
title = {{Progressive field-state collapse and quantum non-demolition photon counting.}},
journal = {Nature},
year = {2007},
volume = {448},
number = {7156},
pages = {889--893},
month = aug,
}


@article{Sayrin_Nature_2011,
author = {Sayrin, Cl$\'e$ment and Dotsenko, Igor and Zhou, Xingxing and Peaudecerf, Bruno and Rybarczyk, Th{\'e}o and Gleyzes, S{\'e}bastien and Rouchon, Pierre and Mirrahimi, Mazyar and Amini, Hadis and Brune, Michel and Raimond, Jean-Michel and Haroche, Serge},
title = {{Real-time quantum feedback prepares and stabilizes photon number states.}},
journal = {Nature},
year = {2011},
volume = {477},
number = {7362},
pages = {73--77},
month = aug,
}


@article{Gillett_PRL_2010,
author = {Gillett, G. G. and Dalton, R. B. and Lanyon, B. P. and Almeida, M. P. and Barbieri, M. and Pryde, G. J. and O'Brien, J. L. and Resch, K. J. and Bartlett, S. D. and White, A. G.},
title = {{Experimental Feedback Control of Quantum Systems Using Weak Measurements.}},
journal = {Physical Review Letters},
year = {2010},
volume = {104},
number = {8},
pages = {080503},
month = feb,
}


@article{Pryde_PRL_2005,
author = {Pryde, G. and O'Brien, J. and White, A. and Ralph, T. and Wiseman, H.},
title = {{Measurement of Quantum Weak Values of Photon Polarization.}},
journal = {Physical Review Letters},
year = {2005},
volume = {94},
number = {22},
pages = {220405},
month = jun,
}


@article{Brun_PhysRevA_2008,
author = {Brun, Todd and Di{\'o}si, Lajos and Strunz, Walter},
title = {{Test of weak measurement on a two- or three-qubit computer.}},
journal = {Physical Review A},
year = {2008},
volume = {77},
number = {3},
pages = {032101},
month = mar,
}


@article{Aharonov_PRL_1988,
author = {Aharonov, Yakir and Albert, David Z. and Vaidman, Lev},
title = {{How the result of a measurement of a component of the spin of a spin-1/2 particle can turn out to be 100.}},
journal = {Physical Review Letters},
year = {1988},
volume = {60},
number = {14},
pages = {1351},
month = apr,
}


@article{Ashhab_PhysRevA_2010,
author = {Ashhab, S. and Nori, Franco},
title = {{Control-free control: Manipulating a quantum system using only a limited set of measurements.}},
journal = {Physical Review A},
year = {2010},
volume = {82},
number = {6},
pages = {062103},
month = dec,
}


@article{Robledo_Nature_2011,
author = {Robledo, Lucio and Childress, Lilian and Bernien, Hannes and Hensen, Bas and Alkemade, Paul F. A. and Hanson, Ronald},
title = {{High-fidelity projective read-out of a solid-state spin quantum register.}},
journal = {Nature},
year = {2011},
volume = {477},
number = {7366},
pages = {574--578},
month = sep,
}


@article{Hatridge_Science_2013,
author = {Hatridge, M. and Shankar, S. and Mirrahimi, M. and Schackert, F. and Geerlings, K. and Brecht, T. and Sliwa, K. M. and Abdo, B. and Frunzio, L. and Girvin, S. M. and Schoelkopf, R. J. and Devoret, M. H. and Physics, 1Department of},
title = {{Quantum Back-Action of an Individual Variable-Strength Measurement.}},
journal = {Science},
year = {2013},
volume = {339},
number = {6116},
pages = {178--181},
month = jan,
}


@article{Vijay_Nature_2012,
author = {Vijay, R. and Macklin, C. and Slichter, D. H. and Weber, S. J. and Murch, K. W. and Naik, R. and Korotkov, A. N. and Siddiqi, I.},
title = {{Stabilizing Rabi oscillations in a superconducting qubit using quantum feedback.}},
journal = {Nature},
year = {2012},
volume = {490},
number = {7418},
pages = {77--80},
month = oct,
}


@article{Bernien_Nature_2013,
author = {Bernien, H and Hensen, B and Pfaff, W and Koolstra, G and Blok, M S and Robledo, L and Taminiau, T H and Markham, M and Twitchen, D J and Childress, L and Hanson, R},
title = {{Heralded entanglement between solid-state qubits separated by three metres.}},
journal = {Nature},
year = {2013},
volume = {497},
number = {7447},
pages = {86--90},
month = may,
}


@article{Pfaff_NatPhys_2012,
author = {Pfaff, W and Taminiau, TH and Robledo, L and Bernien, H and Markham, M. and Twitchen, D. J. and Hanson, R.},
title = {{Demonstration of entanglement-by-measurement of solid-state qubits.}},
journal = {Nature Physics},
year = {2012},
number = {9},
pages = {29--33},
month = jan,
}


@article{Murch_Nature_2013,
author = {Murch, K W and Weber, S J and Macklin, C and Siddiqi, I},
title = {{Observing single quantum trajectories of a superconducting quantum bit.}},
journal = {Nature},
year = {2013},
volume = {502},
number = {7470},
pages = {211--4},
month = oct,
annote = {
7 pages, 6 figures},
}


@article{Wiseman_NatureNV_2011,
author = {Wiseman, Howard},
title = {{Quantum control: Squinting at quantum systems.}},
journal = {Nature},
year = {2011},
volume = {470},
number = {7333},
pages = {178--179},
month = feb,
}


@article{Jiang_PRL_2008,
author = {Jiang, L. and Dutt, M. and Togan, E. and Childress, L. and Cappellaro, P. and Taylor, J. and Lukin, M.},
title = {{Coherence of an Optically Illuminated Single Nuclear Spin Qubit.}},
journal = {Physical Review Letters},
year = {2008},
volume = {100},
number = {7},
pages = {073001},
month = feb,
}


@article{Taminiau_PRL_2012,
author = {Taminiau, T. and Wagenaar, J. and Sar, T. and Jelezko, F. and Dobrovitski, V. and Hanson, R.},
title = {{Detection and Control of Individual Nuclear Spins Using a Weakly Coupled Electron Spin.}},
journal = {Physical Review Letters},
year = {2012},
volume = {109},
number = {13},
pages = {137602},
month = sep,
}


@article{Groen_PRL_2013,
author = {Groen, J. and Riste, D. and Tornberg, L. and Cramer, J. and de Groot, P. C. and Picot, T. and Johansson, G. and DiCarlo, L.},
title = {{Partial-Measurement Backaction and Nonclassical Weak Values in a Superconducting Circuit.}},
journal = {Physical Review Letters},
year = {2013},
volume = {111},
number = {9},
pages = {090506--5},
month = aug,
}


@article{Raussendorf_PRL_2001,
author = {Raussendorf, R and Briegel, HJ},
title = {{A one-way quantum computer.}},
journal = {Physical Review Letters},
year = {2001},
volume = {86},
pages = {5188--5191},
month = jan,
}


@article{Dressel_ArXiv_2013,
author = {Dressel, Justin and Malik, Mehul and Miatto, Filippo M. and Jordan, Andrew N. and Boyd, Robert W.},
title = {{Understanding Quantum Weak Values: Basics and Applications.}},
pages = {Preprint at http://arxiv.org/abs/1305.7154},
year = {2013},
eprinttype = {arxiv},
month = may,
annote = {
9 pages, 5 figures},
}


@article{Cappellaro_PhysRevA_2012,
author = {Cappellaro, P},
title = {{Spin-bath narrowing with adaptive parameter estimation.}},
journal = {Physical Review A},
year = {2012},
number = {85},
pages = {030301(R)--5},
month = jan,
}


@article{Higgins_Nature_2007,
author = {Higgins, B. L. and Berry, D. W. and Bartlett, S. D. and Wiseman, H. M. and Pryde, G. J.},
title = {{Entanglement-free Heisenberg-limited phase estimation.}},
journal = {Nature},
year = {2007},
volume = {450},
number = {7168},
pages = {393--396},
month = nov,
}


@article{Prevedel_Nature_2007,
author = {Prevedel, Robert and Walther, Philip and Tiefenbacher, Felix and B{\"o}hi, Pascal and Kaltenbaek, Rainer and Jennewein, Thomas and Zeilinger, Anton},
title = {{High-speed linear optics quantum computing using active feed-forward.}},
journal = {Nature},
year = {2007},
volume = {445},
number = {7123},
pages = {65--9},
month = jan,
}


@article{Riste_PRL_2012,
author = {Rist{\`e}, D and van Leeuwen, J G and Ku, H-S and Lehnert, K W and DiCarlo, L},
title = {{Initialization by measurement of a superconducting quantum bit circuit.}},
journal = {Physical Review Letters},
year = {2012},
volume = {109},
number = {5},
pages = {050507},
month = aug,
}


@article{Chou_Nature_2005,
author = {Chou, C W and de Riedmatten, H and Felinto, D and Polyakov, S V and van Enk, S J and Kimble, H J},
title = {{Measurement-induced entanglement for excitation stored in remote atomic ensembles.}},
journal = {Nature},
year = {2005},
volume = {438},
number = {7069},
pages = {828--32},
month = dec,
}


@article{Moehring_Nature_2007,
author = {Moehring, D L and Maunz, P and Olmschenk, S and Younge, K C and Matsukevich, D N and Duan, L-M and Monroe, C},
title = {{Entanglement of single-atom quantum bits at a distance.}},
journal = {Nature},
year = {2007},
volume = {449},
number = {7158},
pages = {68--71},
month = sep,
}


@article{Riste_Nature_2013,
author = {Rist{\`e}, D and Dukalski, M and Watson, C A and de Lange, G and Tiggelman, M J and Blanter, Ya M and Lehnert, K W and Schouten, R N and DiCarlo, L},
title = {{Deterministic entanglement of superconducting qubits by parity measurement and feedback.}},
journal = {Nature},
year = {2013},
volume = {502},
number = {7471},
pages = {350--4},
month = oct,
}


@article{Chiaverini_Nature_2004,
author = {Chiaverini, J and Leibfried, D and Schaetz, T and Barrett, M D and Blakestad, R B and Britton, J and Itano, W M and Jost, J D and Knill, E and Langer, C and Ozeri, R and Wineland, D J},
title = {{Realization of quantum error correction.}},
journal = {Nature},
year = {2004},
volume = {432},
number = {7017},
pages = {602--5},
month = dec,
}


@article{Zhao_NatureNano_2012,
author = {Zhao, Nan and Honert, Jan and Schmid, Bernhard and Klas, Michael and Isoya, Junichi and Markham, Matthew and Twitchen, Daniel and Jelezko, Fedor and Liu, Ren-Bao and Fedder, Helmut and Wrachtrup, J{\"o}rg},
title = {{Sensing single remote nuclear spins.}},
journal = {Nature nanotechnology},
year = {2012},
volume = {7},
number = {10},
pages = {657--62},
month = oct,
}


@article{Kolkowitz_PRL_2012,
author = {Kolkowitz, Shimon and Unterreithmeier, Quirin P and Bennett, Steven D and Lukin, Mikhail D},
title = {{Sensing distant nuclear spins with a single electron spin.}},
journal = {Physical Review Letters},
year = {2012},
volume = {109},
number = {13},
pages = {137601},
month = sep,
}


@article{Dolde_NatPhys_2013,
author = {Dolde, F and Jakobi, I and Naydenov, B and Zhao, N and Pezzagna, S and Trautmann, C. and Meijer, J. and Neumann, P. and Jelezko, F. and Wrachtrup, J.},
title = {{Room-temperature entanglement between single defect spins in diamond.}},
journal = {Nature Physics},
year = {2013},
number = {9},
pages = {139--143},
month = jan,
}

@article{Williams_PRL_2008,
author = {Williams, N S and Jordan, A N},
title = {{Weak values and the Leggett-Garg inequality in solid-state qubits.}},
journal = {Physical Review Letters},
year = {2008},
volume = {100},
pages = {026804},
}

@article{Dressel_PRL_2010,
author = {Dressel, J and Agarwal, S and Jordan, A N},
title = {{Contextual values of observables in quantum measurements.}},
journal = {Physical Review Letters},
year = {2010},
volume = {104},
pages = {240401},
}

@article{Jordan_PRB_2006,
author = {Jordan, A N and Korotkov, A N},
title = {{Qubit feedback and control with kicked quantum nondemolition measurements: A Bayesian approach.}},
journal = {Phys. Rev. B},
year = {2006},
volume = {74},
pages = {085307},
}

@book{Slichter__1996,
  title = {Principles of Magnetic Resonance},
  isbn = {978-3-540-50157-2},
  language = {en},
  publisher = {Springer Science \& Business Media},
  author = {Slichter, Charles P.},
  month = mar,
  year = {1996},
  keywords = {Science / Chemistry / Analytic,Science / Life Sciences / Biophysics,Science / Physics / Atomic \& Molecular,Science / Physics / Condensed Matter,Science / Physics / Electricity,Science / Physics / General,Science / Physics / Magnetism,Science / Physics / Optics \& Light,Science / Spectroscopy \& Spectrum Analysis,Technology \& Engineering / Lasers \& Photonics}
}

@article{Cummins_PRA_2003,
author = {Cummins, Holly K and Llewellyn, Gavin and Jones, Jonathan A.},
title = {{Tackling systematic errors in quantum logic gates with composite rotations}},
journal = {Phys. Rev. A},
year = {2003},
volume = {67},
number = {4},
pages = {42308},
month = apr,
affiliation = {Centre for Quantum Computation, Clarendon Laboratory, University of Oxford, Parks Road, OX1 3PU, United Kingdom},
doi = {10.1103/PhysRevA.67.042308},

}

@book{Nielsen__2000,
  title = {Quantum Computation and Quantum Information},
  isbn = {9780521635035},
  language = {en},
  publisher = {Cambridge University Press},
  author = {Nielsen, Michael A. and Chuang, Isaac L.},
  month = oct,
  year = {2000},
  keywords = {Computers / Computer Science,Science / Physics / General,Science / Physics / Mathematical \& Computational,Science / Physics / Quantum Theory,Technology \& Engineering / Electronics / General}
}

@article{Bongioanni_Phys.Rev.A_2010,
  title = {Experimental quantum process tomography of non-trace-preserving maps},
  volume = {82},
  url = {http://link.aps.org/doi/10.1103/PhysRevA.82.042307},
  doi = {10.1103/PhysRevA.82.042307},
  number = {4},
  urldate = {2015-09-16},
  journal = {Phys. Rev. A},
  author = {Bongioanni, Irene and Sansoni, Linda and Sciarrino, Fabio and Vallone, Giuseppe and Mataloni, Paolo},
  month = oct,
  year = {2010},
  pages = {042307}
}


@article{Kofman_PhysicsReports_2012,
  series = {Nonperturbative theory of weak pre- and post-selected measurements},
  title = {Nonperturbative theory of weak pre- and post-selected measurements},
  volume = {520},
  url = {http://www.sciencedirect.com/science/article/pii/S0370157312002050},
  doi = {10.1016/j.physrep.2012.07.001},
  number = {2},
  urldate = {2015-09-16},
  journal = {Physics Reports},
  author = {Kofman, Abraham G. and Ashhab, Sahel and Nori, Franco},
  month = nov,
  year = {2012},
  keywords = {Foundations of quantum mechanics,Measurement theory,Precision metrology,quantum information processing,Weak values},
  pages = {43--133}
}

@article{Dressel_Phys.Rev.Lett._2010,
  title = {Contextual Values of Observables in Quantum Measurements},
  volume = {104},
  url = {http://link.aps.org/doi/10.1103/PhysRevLett.104.240401},
  doi = {10.1103/PhysRevLett.104.240401},
  number = {24},
  urldate = {2015-09-16},
  journal = {Phys. Rev. Lett.},
  author = {Dressel, J. and Agarwal, S. and Jordan, A. N.},
  month = jun,
  year = {2010},
  pages = {240401}
}

@article{Williams_Phys.Rev.Lett._2008,
  title = {Weak Values and the Leggett-Garg Inequality in Solid-State Qubits},
  volume = {100},
  url = {http://link.aps.org/doi/10.1103/PhysRevLett.100.026804},
  doi = {10.1103/PhysRevLett.100.026804},
  number = {2},
  urldate = {2015-09-16},
  journal = {Phys. Rev. Lett.},
  author = {Williams, Nathan S. and Jordan, Andrew N.},
  month = jan,
  year = {2008},
  pages = {026804}
}


@article{Jordan_Phys.Rev.B_2006,
  title = {Qubit feedback and control with kicked quantum nondemolition measurements: A quantum Bayesian analysis},
  volume = {74},
  shorttitle = {Qubit feedback and control with kicked quantum nondemolition measurements},
  url = {http://link.aps.org/doi/10.1103/PhysRevB.74.085307},
  doi = {10.1103/PhysRevB.74.085307},
  number = {8},
  urldate = {2015-09-16},
  journal = {Phys. Rev. B},
  author = {Jordan, Andrew N. and Korotkov, Alexander N.},
  month = aug,
  year = {2006},
  pages = {085307}
}

@article{Koashi_Phys.Rev.Lett._1999,
  title = {Reversing Measurement and Probabilistic Quantum Error Correction},
  volume = {82},
  url = {http://link.aps.org/doi/10.1103/PhysRevLett.82.2598},
  doi = {10.1103/PhysRevLett.82.2598},
  number = {12},
  urldate = {2015-09-16},
  journal = {Phys. Rev. Lett.},
  author = {Koashi, Masato and Ueda, Masahito},
  month = mar,
  year = {1999},
  pages = {2598--2601}
}
@article{Korotkov_Phys.Rev.Lett._2006,
  title = {Undoing a Weak Quantum Measurement of a Solid-State Qubit},
  volume = {97},
  url = {http://link.aps.org/doi/10.1103/PhysRevLett.97.166805},
  doi = {10.1103/PhysRevLett.97.166805},
  number = {16},
  urldate = {2015-09-16},
  journal = {Phys. Rev. Lett.},
  author = {Korotkov, Alexander N. and Jordan, Andrew N.},
  month = oct,
  year = {2006},
  pages = {166805}
}

@article{Katz_Phys.Rev.Lett._2008,
  title = {Reversal of the Weak Measurement of a Quantum State in a Superconducting Phase Qubit},
  volume = {101},
  url = {http://link.aps.org/doi/10.1103/PhysRevLett.101.200401},
  doi = {10.1103/PhysRevLett.101.200401},
  number = {20},
  urldate = {2015-07-02},
  journal = {Phys. Rev. Lett.},
  author = {Katz, Nadav and Neeley, Matthew and Ansmann, M. and Bialczak, Radoslaw C. and Hofheinz, M. and Lucero, Erik and O'Connell, A. and Wang, H. and Cleland, A. N. and Martinis, John M. and Korotkov, Alexander N.},
  month = nov,
  year = {2008},
  pages = {200401}
}


