
@article{Taylor_NatPhys_2008,
  title = {High-sensitivity diamond magnetometer with nanoscale resolution},
  volume = {4},
  copyright = {{\textcopyright} 2008 Nature Publishing Group},
  url = {http://www.nature.com/nphys/journal/v4/n10/abs/nphys1075.html},
  doi = {10.1038/nphys1075},
  language = {en},
  number = {10},
  urldate = {2015-06-03},
  journal = {Nat Phys},
  author = {Taylor, J. M. and Cappellaro, P. and Childress, L. and Jiang, L. and Budker, D. and Hemmer, P. R. and Yacoby, A. and Walsworth, R. and Lukin, M. D.},
  month = oct,
  year = {2008},
  pages = {810--816}
}

@article{Balasubramanian_NatMater_2009,
  title = {Ultralong spin coherence time in isotopically engineered diamond},
  volume = {8},
  copyright = {{\textcopyright} 2009 Nature Publishing Group},
  url = {http://www.nature.com/nmat/journal/v8/n5/abs/nmat2420.html},
  doi = {10.1038/nmat2420},
  language = {en},
  number = {5},
  urldate = {2015-06-03},
  journal = {Nat Mater},
  author = {Balasubramanian, Gopalakrishnan and Neumann, Philipp and Twitchen, Daniel and Markham, Matthew and Kolesov, Roman and Mizuochi, Norikazu and Isoya, Junichi and Achard, Jocelyn and Beck, Johannes and Tissler, Julia and Jacques, Vincent and Hemmer, Philip R. and Jelezko, Fedor and Wrachtrup, J{\"o}rg},
  month = may,
  year = {2009},
  pages = {383--387}
}

@article{Dolde_NatPhys_2011,
  title = {Electric-field sensing using single diamond spins},
  volume = {7},
  copyright = {{\textcopyright} 2011 Nature Publishing Group},
  url = {http://www.nature.com/nphys/journal/v7/n6/full/nphys1969.html},
  doi = {10.1038/nphys1969},
  language = {en},
  number = {6},
  urldate = {2015-06-03},
  journal = {Nat Phys},
  author = {Dolde, F. and Fedder, H. and Doherty, M. W. and N{\"o}bauer, T. and Rempp, F. and Balasubramanian, G. and Wolf, T. and Reinhard, F. and Hollenberg, L. C. L. and Jelezko, F. and Wrachtrup, J.},
  month = jun,
  year = {2011},
  pages = {459--463}
}

@article{Acosta_Phys.Rev.Lett._2010,
  title = {Temperature Dependence of the Nitrogen-Vacancy Magnetic Resonance in Diamond},
  volume = {104},
  url = {http://link.aps.org/doi/10.1103/PhysRevLett.104.070801},
  doi = {10.1103/PhysRevLett.104.070801},
  number = {7},
  urldate = {2015-06-03},
  journal = {Phys. Rev. Lett.},
  author = {Acosta, V. M. and Bauch, E. and Ledbetter, M. P. and Waxman, A. and Bouchard, L.-S. and Budker, D.},
  month = feb,
  year = {2010},
  pages = {070801}
}

@article{Toyli_PNAS_2013,
  title = {Fluorescence thermometry enhanced by the quantum coherence of single spins in diamond},
  volume = {110},
  url = {http://www.pnas.org/content/110/21/8417},
  doi = {10.1073/pnas.1306825110},
  language = {en},
  number = {21},
  urldate = {2015-06-03},
  journal = PNAS,
  author = {Toyli, David M. and de las Casas, Charles F. and Christle, David J. and Dobrovitski, Viatcheslav V. and Awschalom, David D.},
  month = may,
  year = {2013},
  keywords = {electron spin resonance,quantum control,spintronics},
  pages = {8417--8421},
  pmid = {23650364}
}

@article{Ovartchaiyapong_NatCommun_2014,
  title = {Dynamic strain-mediated coupling of a single diamond spin to a mechanical resonator},
  volume = {5},
  copyright = {{\textcopyright} 2014 Nature Publishing Group, a division of Macmillan Publishers Limited. All Rights Reserved.},
  url = {http://www.nature.com/ncomms/2014/140718/ncomms5429/full/ncomms5429.html},
  doi = {10.1038/ncomms5429},
  language = {en},
  urldate = {2015-06-03},
  journal = {Nat Commun},
  author = {Ovartchaiyapong, Preeti and Lee, Kenneth W. and Myers, Bryan A. and Jayich, Ania C. Bleszynski},
  month = jul,
  year = {2014},
  keywords = {Applied physics,Physical sciences}
}

@article{Schrodinger__1952,
  title = {Are There Quantum Jumps ?},
  volume = {3},
  number = {11},
  journal = {Br. J. Philos. Sci.},
  author = {Schr{\"o}dinger, E.},
  year = {1952},
  pages = {233--242}
}

@article{Kucsko_Nature_2013,
  title = {Nanometre-scale thermometry in a living cell},
  volume = {500},
  copyright = {{\textcopyright} 2013 Nature Publishing Group, a division of Macmillan Publishers Limited. All Rights Reserved.},
  url = {http://www.nature.com/nature/journal/v500/n7460/full/nature12373.html},
  doi = {10.1038/nature12373},
  language = {en},
  number = {7460},
  urldate = {2015-06-03},
  journal = Nature,
  author = {Kucsko, G. and Maurer, P. C. and Yao, N. Y. and Kubo, M. and Noh, H. J. and Lo, P. K. and Park, H. and Lukin, M. D.},
  month = aug,
  year = {2013},
  keywords = {Biosensors,Quantum metrology},
  pages = {54--58}
}

@article{Robledo_Nature_2011,
  title = {High-fidelity projective read-out of a solid-state spin quantum register},
  volume = {477},
  copyright = {{\textcopyright} 2011 Nature Publishing Group, a division of Macmillan Publishers Limited. All Rights Reserved.},
  url = {http://www.nature.com/nature/journal/v477/n7366/full/nature10401.html},
  doi = {10.1038/nature10401},
  language = {en},
  number = {7366},
  urldate = {2015-06-03},
  journal = Nature,
  author = {Robledo, Lucio and Childress, Lilian and Bernien, Hannes and Hensen, Bas and Alkemade, Paul F. A. and Hanson, Ronald},
  month = sep,
  year = {2011},
  keywords = {Applied physics and engineering,Physics},
  pages = {574--578}
}

@book{Nielsen__2000,
  title = {Quantum Computation and Quantum Information},
  isbn = {978-0-521-63503-5},
  language = {en},
  publisher = {Cambridge University Press},
  author = {Nielsen, Michael A. and Chuang, Isaac L.},
  month = oct,
  year = {2000},
  keywords = {Computers / Computer Science,Science / Physics / General,Science / Physics / Mathematical \& Computational,Science / Physics / Quantum Theory,Technology \& Engineering / Electronics / General}
}

@article{Gao_NatPhoton_2015,
  title = {Coherent manipulation, measurement and entanglement of individual solid-state spins using optical fields},
  volume = {9},
  copyright = {{\textcopyright} 2015 Nature Publishing Group, a division of Macmillan Publishers Limited. All Rights Reserved.},
  url = {http://www.nature.com/nphoton/journal/v9/n6/full/nphoton.2015.58.html},
  doi = {10.1038/nphoton.2015.58},
  language = {en},
  number = {6},
  urldate = {2015-06-23},
  journal = {Nat Photon},
  author = {Gao, W. B. and Imamoglu, A. and Bernien, H. and Hanson, R.},
  month = jun,
  year = {2015},
  pages = {363--373}
}

@article{Kimble_Nature_2008,
  title = {The quantum internet},
  volume = {453},
  copyright = {{\textcopyright} 2008 Nature Publishing Group},
  url = {http://www.nature.com/nature/journal/v453/n7198/abs/nature07127.html},
  doi = {10.1038/nature07127},
  language = {en},
  number = {7198},
  urldate = {2015-06-09},
  journal = Nature,
  author = {Kimble, H. J.},
  month = jun,
  year = {2008},
  pages = {1023--1030}
}

@article{Pfaff_NatPhys_2013,
  title = {Demonstration of entanglement-by-measurement of solid-state qubits},
  volume = {9},
  copyright = {{\textcopyright} 2012 Nature Publishing Group},
  url = {http://www.nature.com/nphys/journal/v9/n1/abs/nphys2444.html},
  doi = {10.1038/nphys2444},
  language = {en},
  number = {1},
  urldate = {2015-06-09},
  journal = {Nat Phys},
  author = {Pfaff, Wolfgang and Taminiau, Tim H. and Robledo, Lucio and Bernien, Hannes and Markham, Matthew and Twitchen, Daniel J. and Hanson, Ronald},
  month = jan,
  year = {2013},
  keywords = {Condensed-matter physics,Quantum physics},
  pages = {29--33}
}

@article{Togan_Nature_2010,
  title = {Quantum entanglement between an optical photon and a solid-state spin qubit},
  volume = {466},
  copyright = {{\textcopyright} 2010 Nature Publishing Group, a division of Macmillan Publishers Limited. All Rights Reserved.},
  url = {http://www.nature.com/nature/journal/v466/n7307/abs/nature09256.html},
  doi = {10.1038/nature09256},
  language = {en},
  number = {7307},
  urldate = {2015-06-09},
  journal = Nature,
  author = {Togan, E. and Chu, Y. and Trifonov, A. S. and Jiang, L. and Maze, J. and Childress, L. and Dutt, M. V. G. and S{\o}rensen, A. S. and Hemmer, P. R. and Zibrov, A. S. and Lukin, M. D.},
  month = aug,
  year = {2010},
  keywords = {Applied physics,Engineering},
  pages = {730--734}
}

@article{vanderSar_Nature_2012,
  title = {Decoherence-protected quantum gates for a hybrid solid-state spin register},
  volume = {484},
  copyright = {{\textcopyright} 2012 Nature Publishing Group, a division of Macmillan Publishers Limited. All Rights Reserved.},
  url = {http://www.nature.com/nature/journal/v484/n7392/full/nature10900.html},
  doi = {10.1038/nature10900},
  language = {en},
  number = {7392},
  urldate = {2015-06-09},
  journal = Nature,
  author = {{van der Sar}, T. and Wang, Z. H. and Blok, M. S. and Bernien, H. and Taminiau, T. H. and Toyli, D. M. and Lidar, D. A. and Awschalom, D. D. and Hanson, R. and Dobrovitski, V. V.},
  month = apr,
  year = {2012},
  keywords = {Physics},
  pages = {82--86}
}

@article{Childress__2013,
  title = {Diamond {NV} centers for quantum computing and quantum networks},
  volume = {38},
  url = {http://journals.cambridge.org/article_S0883769413000201},
  doi = {10.1557/mrs.2013.20},
  number = {02},
  urldate = {2015-06-23},
  journal = {{MRS} Bull.},
  author = {Childress, Lilian and Hanson, Ronald},
  month = feb,
  year = {2013},
  pages = {134--138}
}

@article{Neumann_Science_2008,
  title = {Multipartite Entanglement Among Single Spins in Diamond},
  volume = {320},
  url = {http://www.sciencemag.org/content/320/5881/1326},
  doi = {10.1126/science.1157233},
  language = {en},
  number = {5881},
  urldate = {2015-06-09},
  journal = Science,
  author = {Neumann, P. and Mizuochi, N. and Rempp, F. and Hemmer, P. and Watanabe, H. and Yamasaki, S. and Jacques, V. and Gaebel, T. and Jelezko, F. and Wrachtrup, J.},
  month = jun,
  year = {2008},
  pages = {1326--1329},
  pmid = {18535240}
}

@article{Neumann_Science_2010,
  title = {Single-Shot Readout of a Single Nuclear Spin},
  volume = {329},
  url = {http://www.sciencemag.org/content/329/5991/542},
  doi = {10.1126/science.1189075},
  language = {en},
  number = {5991},
  urldate = {2015-06-09},
  journal = Science,
  author = {Neumann, Philipp and Beck, Johannes and Steiner, Matthias and Rempp, Florian and Fedder, Helmut and Hemmer, Philip R. and Wrachtrup, J{\"o}rg and Jelezko, Fedor},
  month = jul,
  year = {2010},
  pages = {542--544},
  pmid = {20595582}
}

@article{Lange_Science_2010,
  title = {Universal Dynamical Decoupling of a Single Solid-State Spin from a Spin Bath},
  volume = {330},
  url = {http://www.sciencemag.org/content/330/6000/60},
  doi = {10.1126/science.1192739},
  language = {en},
  number = {6000},
  urldate = {2015-06-09},
  journal = Science,
  author = {de Lange, G. and Wang, Z. H. and Rist{\`e}, D. and Dobrovitski, V. V. and Hanson, R.},
  month = jan,
  year = {2010},
  pages = {60--63},
  pmid = {20829452}
}

@article{Devoret_Science_2013,
  title = {Superconducting Circuits for Quantum Information: An Outlook},
  volume = {339},
  shorttitle = {Superconducting Circuits for Quantum Information},
  url = {http://www.sciencemag.org/content/339/6124/1169},
  doi = {10.1126/science.1231930},
  language = {en},
  number = {6124},
  urldate = {2015-06-09},
  journal = Science,
  author = {Devoret, M. H. and Schoelkopf, R. J.},
  month = aug,
  year = {2013},
  pages = {1169--1174},
  pmid = {23471399}
}

@article{Ryan_Phys.Rev.Lett._2010,
  title = {Robust Decoupling Techniques to Extend Quantum Coherence in Diamond},
  volume = {105},
  url = {http://link.aps.org/doi/10.1103/PhysRevLett.105.200402},
  doi = {10.1103/PhysRevLett.105.200402},
  number = {20},
  urldate = {2015-06-09},
  journal = {Phys. Rev. Lett.},
  author = {Ryan, C. A. and Hodges, J. S. and Cory, D. G.},
  month = nov,
  year = {2010},
  pages = {200402}
}

@article{Taminiau_NatNano_2014,
  title = {Universal control and error correction in multi-qubit spin registers in diamond},
  volume = {9},
  copyright = {{\textcopyright} 2014 Nature Publishing Group},
  url = {http://www.nature.com/nnano/journal/v9/n3/abs/nnano.2014.2.html},
  doi = {10.1038/nnano.2014.2},
  language = {en},
  number = {3},
  urldate = {2015-06-09},
  journal = {Nat Nano},
  author = {Taminiau, T. H. and Cramer, J. and van der Sar, T. and Dobrovitski, V. V. and Hanson, R.},
  month = mar,
  year = {2014},
  pages = {171--176}
}

@article{Dutt_Science_2007,
  title = {Quantum Register Based on Individual Electronic and Nuclear Spin Qubits in Diamond},
  volume = {316},
  url = {http://www.sciencemag.org/content/316/5829/1312},
  doi = {10.1126/science.1139831},
  language = {en},
  number = {5829},
  urldate = {2015-06-23},
  journal = Science,
  author = {Dutt, M. V. Gurudev and Childress, L. and Jiang, L. and Togan, E. and Maze, J. and Jelezko, F. and Zibrov, A. S. and Hemmer, P. R. and Lukin, M. D.},
  month = jan,
  year = {2007},
  pages = {1312--1316},
  pmid = {17540898}
}

@article{Jelezko_Phys.Rev.Lett._2004,
  title = {Observation of Coherent Oscillation of a Single Nuclear Spin and Realization of a Two-Qubit Conditional Quantum Gate},
  volume = {93},
  url = {http://link.aps.org/doi/10.1103/PhysRevLett.93.130501},
  doi = {10.1103/PhysRevLett.93.130501},
  number = {13},
  urldate = {2015-06-23},
  journal = {Phys. Rev. Lett.},
  author = {Jelezko, F. and Gaebel, T. and Popa, I. and Domhan, M. and Gruber, A. and Wrachtrup, J.},
  month = sep,
  year = {2004},
  pages = {130501}
}

@article{Hanson_Phys.Rev.Lett._2006,
  title = {Polarization and Readout of Coupled Single Spins in Diamond},
  volume = {97},
  url = {http://link.aps.org/doi/10.1103/PhysRevLett.97.087601},
  doi = {10.1103/PhysRevLett.97.087601},
  number = {8},
  urldate = {2015-06-23},
  journal = {Phys. Rev. Lett.},
  author = {Hanson, R. and Mendoza, F. M. and Epstein, R. J. and Awschalom, D. D.},
  month = aug,
  year = {2006},
  pages = {087601}
}

@article{Feynman_IntJTheorPhys_1982,
  title = {Simulating physics with computers},
  volume = {21},
  url = {http://link.springer.com/article/10.1007/BF02650179},
  doi = {10.1007/BF02650179},
  language = {en},
  number = {6-7},
  urldate = {2015-10-02},
  journal = {Int J Theor Phys},
  author = {Feynman, Richard P.},
  month = jun,
  year = {1982},
  keywords = {Elementary Particles; Quantum Field Theory,Mathematical and Computational Physics,Physics; general,Quantum physics},
  pages = {467--488}
}

@article{Dowling__2003,
  title = {Quantum technology: the second quantum revolution},
  volume = {361},
  shorttitle = {Quantum technology},
  url = {http://rsta.royalsocietypublishing.org/content/361/1809/1655},
  doi = {10.1098/rsta.2003.1227},
  language = {en},
  number = {1809},
  urldate = {2015-09-29},
  journal = {Philos. Trans. R. Soc. Lond. Math. Phys. Eng. Sci.},
  author = {Dowling, Jonathan P. and Milburn, Gerard J.},
  month = aug,
  year = {2003},
  pages = {1655--1674},
  pmid = {12952679}
}

@article{Childress_Science_2006,
  title = {Coherent Dynamics of Coupled Electron and Nuclear Spin Qubits in Diamond},
  volume = {314},
  url = {http://www.sciencemag.org/content/314/5797/281},
  doi = {10.1126/science.1131871},
  language = {en},
  number = {5797},
  urldate = {2015-07-02},
  journal = Science,
  author = {Childress, L. and Dutt, M. V. Gurudev and Taylor, J. M. and Zibrov, A. S. and Jelezko, F. and Wrachtrup, J. and Hemmer, P. R. and Lukin, M. D.},
  month = oct,
  year = {2006},
  pages = {281--285},
  pmid = {16973839}
}

@article{Pusey_NatPhys_2012,
  title = {On the reality of the quantum state},
  volume = {8},
  copyright = {{\textcopyright} 2012 Nature Publishing Group},
  url = {http://www.nature.com/nphys/journal/v8/n6/full/nphys2309.html},
  doi = {10.1038/nphys2309},
  language = {en},
  number = {6},
  urldate = {2015-07-02},
  journal = {Nat Phys},
  author = {Pusey, Matthew F. and Barrett, Jonathan and Rudolph, Terry},
  month = jun,
  year = {2012},
  keywords = {Quantum physics},
  pages = {475--478}
}

@article{George_PNAS_2013,
  title = {Opening up three quantum boxes causes classically undetectable wavefunction collapse},
  volume = {110},
  url = {http://www.pnas.org/content/110/10/3777},
  doi = {10.1073/pnas.1208374110},
  language = {en},
  number = {10},
  urldate = {2015-07-02},
  journal = PNAS,
  author = {George, Richard E. and Robledo, Lucio M. and Maroney, Owen J. E. and Blok, Machiel S. and Bernien, Hannes and Markham, Matthew L. and Twitchen, Daniel J. and Morton, John J. L. and Briggs, G. Andrew D. and Hanson, Ronald},
  month = may,
  year = {2013},
  keywords = {Leggett–Garg,quantum contextuality,quantum non-demolition measurement},
  pages = {3777--3781},
  pmid = {23412336}
}

@article{Grover_Phys.Rev.Lett._1997,
  title = {Quantum Mechanics Helps in Searching for a Needle in a Haystack},
  volume = {79},
  url = {http://link.aps.org/doi/10.1103/PhysRevLett.79.325},
  doi = {10.1103/PhysRevLett.79.325},
  number = {2},
  urldate = {2015-10-02},
  journal = {Phys. Rev. Lett.},
  author = {Grover, Lov K.},
  month = jul,
  year = {1997},
  pages = {325--328}
}

@book{Mermin__2007,
  address = {Cambridge},
  edition = {1 edition},
  title = {Quantum Computer Science: An Introduction},
  isbn = {978-0-521-87658-2},
  shorttitle = {Quantum Computer Science},
  language = {English},
  publisher = {Cambridge University Press},
  author = {Mermin, N. David},
  month = sep,
  year = {2007}
}

@article{Shor_SIAMJ.Comput._1997,
  title = {Polynomial-Time Algorithms for Prime Factorization and Discrete Logarithms on a Quantum Computer},
  volume = {26},
  url = {http://dx.doi.org/10.1137/S0097539795293172},
  doi = {10.1137/S0097539795293172},
  number = {5},
  urldate = {2015-10-02},
  journal = {{SIAM} J. Comput.},
  author = {Shor, Peter W.},
  month = oct,
  year = {1997},
  keywords = {algorithmic number theory,Church's thesis,discrete logarithms,Foundations of quantum mechanics,Fourier transforms,prime factorization,quantum computers,spin systems},
  pages = {1484--1509}
}

@article{Gisin_NatPhoton_2007,
  title = {Quantum communication},
  volume = {1},
  copyright = {{\textcopyright} 2007 Nature Publishing Group},
  url = {http://www.nature.com/nphoton/journal/v1/n3/full/nphoton.2007.22.html},
  doi = {10.1038/nphoton.2007.22},
  language = {en},
  number = {3},
  urldate = {2015-10-02},
  journal = {Nat Photon},
  author = {Gisin, Nicolas and Thew, Rob},
  month = mar,
  year = {2007},
  pages = {165--171}
}

@article{Degen__2008,
  title = {Scanning magnetic field microscope with a diamond single-spin sensor},
  volume = {92},
  url = {http://scitation.aip.org/content/aip/journal/apl/92/24/10.1063/1.2943282},
  doi = {10.1063/1.2943282},
  number = {24},
  urldate = {2015-10-02},
  journal = {Appl. Phys. Lett.},
  author = {Degen, C. L.},
  month = jun,
  year = {2008},
  keywords = {Diamond,Electron paramagnetic resonance spectroscopy,Magnetic fields,Magnetic field sensors,Magnetic resonance},
  pages = {243111}
}

@article{Diddams_Science_2001,
  title = {An Optical Clock Based on a Single Trapped {199Hg+} Ion},
  volume = {293},
  url = {http://www.sciencemag.org/content/293/5531/825},
  doi = {10.1126/science.1061171},
  language = {en},
  number = {5531},
  urldate = {2015-10-02},
  journal = Science,
  author = {Diddams, S. A. and Udem, Th and Bergquist, J. C. and Curtis, E. A. and Drullinger, R. E. and Hollberg, L. and Itano, W. M. and Lee, W. D. and Oates, C. W. and Vogel, K. R. and Wineland, D. J.},
  month = mar,
  year = {2001},
  pages = {825--828},
  pmid = {11452082}
}

@book{Wiseman__2010,
  title = {Quantum Measurement and Control},
  isbn = {978-0-521-80442-4},
  language = {en},
  publisher = {Cambridge University Press},
  author = {Wiseman, Howard M. and Milburn, Gerard J.},
  year = {2010},
  keywords = {Science / Physics / General,Science / Physics / Optics \& Light,Science / Physics / Quantum Theory,Technology \& Engineering / Electronics / General,Technology \& Engineering / Nanotechnology \& MEMS}
}

@article{Kurtsiefer_Phys.Rev.Lett._2000,
  title = {Stable Solid-State Source of Single Photons},
  volume = {85},
  url = {http://link.aps.org/doi/10.1103/PhysRevLett.85.290},
  doi = {10.1103/PhysRevLett.85.290},
  number = {2},
  urldate = {2015-10-03},
  journal = {Phys. Rev. Lett.},
  author = {Kurtsiefer, Christian and Mayer, Sonja and Zarda, Patrick and Weinfurter, Harald},
  month = jul,
  year = {2000},
  pages = {290--293}
}

@article{Waldherr_Nature_2014,
  title = {Quantum error correction in a solid-state hybrid spin register},
  volume = {advance online publication},
  copyright = {{\textcopyright} 2014 Nature Publishing Group, a division of Macmillan Publishers Limited. All Rights Reserved.},
  url = {http://www.nature.com/nature/journal/vaop/ncurrent/abs/nature12919.html},
  doi = {10.1038/nature12919},
  language = {en},
  urldate = {2015-10-03},
  journal = Nature,
  author = {Waldherr, G. and Wang, Y. and Zaiser, S. and Jamali, M. and Schulte-Herbr{\"u}ggen, T. and Abe, H. and Ohshima, T. and Isoya, J. and Du, J. F. and Neumann, P. and Wrachtrup, J.},
  month = jan,
  year = {2014}
}

@article{Waldherr_Phys.Rev.Lett._2011,
  title = {Violation of a Temporal Bell Inequality for Single Spins in a Diamond Defect Center},
  volume = {107},
  url = {http://link.aps.org/doi/10.1103/PhysRevLett.107.090401},
  doi = {10.1103/PhysRevLett.107.090401},
  number = {9},
  urldate = {2015-10-03},
  journal = {Phys. Rev. Lett.},
  author = {Waldherr, G. and Neumann, P. and Huelga, S. F. and Jelezko, F. and Wrachtrup, J.},
  month = aug,
  year = {2011},
  pages = {090401}
}

@article{Schirhagl__2014,
  title = {Nitrogen-Vacancy Centers in Diamond: Nanoscale Sensors for Physics and Biology},
  volume = {65},
  shorttitle = {Nitrogen-Vacancy Centers in Diamond},
  url = {http://dx.doi.org/10.1146/annurev-physchem-040513-103659},
  doi = {10.1146/annurev-physchem-040513-103659},
  number = {1},
  urldate = {2015-10-03},
  journal = {Annu. Rev. Phys. Chem.},
  author = {Schirhagl, Romana and Chang, Kevin and Loretz, Michael and Degen, Christian L.},
  year = {2014},
  keywords = {fluorescent biomarker,nanoscale sensing,NV center,optically detected magnetic resonance (ODMR),quantum sensing},
  pages = {83--105},
  pmid = {24274702}
}

@article{Jacques_Science_2007,
  title = {Experimental Realization of Wheeler's Delayed-Choice Gedanken Experiment},
  volume = {315},
  url = {http://www.sciencemag.org/content/315/5814/966},
  doi = {10.1126/science.1136303},
  language = {en},
  number = {5814},
  urldate = {2015-10-03},
  journal = Science,
  author = {Jacques, Vincent and Wu, E. and Grosshans, Fr{\'e}d{\'e}ric and Treussart, Fran{\c c}ois and Grangier, Philippe and Aspect, Alain and Roch, Jean-Fran{\c c}ois},
  month = feb,
  year = {2007},
  pages = {966--968},
  pmid = {17303748}
}


