
@article{Taylor_NatPhys_2008,
  title = {High-sensitivity diamond magnetometer with nanoscale resolution},
  volume = {4},
  url = {http://www.nature.com/nphys/journal/v4/n10/abs/nphys1075.html},
  doi = {10.1038/nphys1075},
  number = {10},
  journaltitle = {Nature Physics},
  shortjournal = {Nat Phys},
  author = {Taylor, J. M. and Cappellaro, P. and Childress, L. and Jiang, L. and Budker, D. and Hemmer, P. R. and Yacoby, A. and Walsworth, R. and Lukin, M. D.},
  urldate = {2015-06-03},
  pages = {810--816}
}

@article{Bouwmeester_Nature_1997,
  title = {Experimental quantum teleportation},
  volume = {390},
  url = {http://www.nature.com/nature/journal/v390/n6660/abs/390575a0.html},
  doi = {10.1038/37539},
  number = {6660},
  journaltitle = {Nature},
  author = {Bouwmeester, Dik and Pan, Jian-Wei and Mattle, Klaus and Eibl, Manfred and Weinfurter, Harald and Zeilinger, Anton},
  urldate = {2015-06-09},
  pages = {575--579}
}

@article{DiVincenzo_Fortschr.Phys._2000,
  title = {The Physical Implementation of Quantum Computation},
  volume = {48},
  url = {http://onlinelibrary.wiley.com/doi/10.1002/1521-3978(200009)48:9/11<771::AID-PROP771>3.0.CO;2-E/abstract},
  doi = {10.1002/1521-3978(200009)48:9/11<771::AID-PROP771>3.0.CO;2-E},
  number = {9-11},
  journaltitle = {Fortschritte der Physik},
  shortjournal = {Fortschr. Phys.},
  author = {{DiVincenzo}, David P.},
  urldate = {2015-07-02},
  pages = {771--783}
}

@article{Staudacher_Science_2013,
  eprinttype = {pmid},
  eprint = {23372009},
  title = {Nuclear Magnetic Resonance Spectroscopy on a (5-Nanometer)3 Sample Volume},
  volume = {339},
  url = {http://www.sciencemag.org/content/339/6119/561},
  doi = {10.1126/science.1231675},
  number = {6119},
  journaltitle = {Science},
  author = {Staudacher, T. and Shi, F. and Pezzagna, S. and Meijer, J. and Du, J. and Meriles, C. A. and Reinhard, F. and Wrachtrup, J.},
  urldate = {2015-06-03},
  pages = {561--563}
}

@article{Bernien_Phys.Rev.Lett._2012,
  title = {Two-Photon Quantum Interference from Separate Nitrogen Vacancy Centers in Diamond},
  volume = {108},
  url = {http://link.aps.org/doi/10.1103/PhysRevLett.108.043604},
  doi = {10.1103/PhysRevLett.108.043604},
  number = {4},
  journaltitle = {Physical Review Letters},
  shortjournal = {Phys. Rev. Lett.},
  author = {Bernien, Hannes and Childress, Lilian and Robledo, Lucio and Markham, Matthew and Twitchen, Daniel and Hanson, Ronald},
  urldate = {2015-06-09},
  pages = {043604}
}

@article{Doherty_Phys.Rev.B_2012,
  title = {Theory of the ground-state spin of the {NV}\$\{\vphantom{\}}\vphantom{\{}\}\^{}\{\vphantom{\}}{\textbackslash}ensuremath\{-\}\vphantom{\{}\}\$ center in diamond},
  volume = {85},
  url = {http://link.aps.org/doi/10.1103/PhysRevB.85.205203},
  doi = {10.1103/PhysRevB.85.205203},
  number = {20},
  journaltitle = {Physical Review B},
  shortjournal = {Phys. Rev. B},
  author = {Doherty, M. W. and Dolde, F. and Fedder, H. and Jelezko, F. and Wrachtrup, J. and Manson, N. B. and Hollenberg, L. C. L.},
  urldate = {2015-07-02},
  pages = {205203}
}

@article{Dehollain__2015,
  eprinttype = {arxiv},
  eprint = {1504.03112},
  title = {Bell's inequality violation with spins in silicon},
  url = {http://arxiv.org/abs/1504.03112},
  author = {Dehollain, Juan P. and Simmons, Stephanie and Muhonen, Juha T. and Kalra, Rachpon and Laucht, Arne and Hudson, Fay and Itoh, Kohei M. and Jamieson, David N. and {McCallum}, Jeffrey C. and Dzurak, Andrew S. and Morello, Andrea},
  urldate = {2015-07-02},
  keywords = {Condensed Matter - Mesoscale and Nanoscale Physics,Quantum physics}
}

@article{Dolde_NatCommun_2014,
  title = {High-fidelity spin entanglement using optimal control},
  volume = {5},
  url = {http://www.nature.com/ncomms/2014/140228/ncomms4371/abs/ncomms4371.html},
  doi = {10.1038/ncomms4371},
  journaltitle = {Nature Communications},
  shortjournal = {Nat Commun},
  author = {Dolde, Florian and Bergholm, Ville and Wang, Ya and Jakobi, Ingmar and Naydenov, Boris and Pezzagna, Sébastien and Meijer, Jan and Jelezko, Fedor and Neumann, Philipp and Schulte-Herbrüggen, Thomas and Biamonte, Jacob and Wrachtrup, Jörg},
  urldate = {2015-07-02},
  keywords = {Applied physics,Condensed matter,Nanotechnology,Physical sciences}
}

@article{Hong_Phys.Rev.Lett._1987,
  title = {Measurement of subpicosecond time intervals between two photons by interference},
  volume = {59},
  url = {http://link.aps.org/doi/10.1103/PhysRevLett.59.2044},
  doi = {10.1103/PhysRevLett.59.2044},
  number = {18},
  journaltitle = {Physical Review Letters},
  shortjournal = {Phys. Rev. Lett.},
  author = {Hong, C. K. and Ou, Z. Y. and Mandel, L.},
  urldate = {2015-06-09},
  pages = {2044--2046}
}

@article{Olmschenk_Science_2009,
  eprinttype = {pmid},
  eprint = {19164744},
  title = {Quantum Teleportation Between Distant Matter Qubits},
  volume = {323},
  url = {http://www.sciencemag.org/content/323/5913/486},
  doi = {10.1126/science.1167209},
  number = {5913},
  journaltitle = {Science},
  author = {Olmschenk, S. and Matsukevich, D. N. and Maunz, P. and Hayes, D. and Duan, L.-M. and Monroe, C.},
  urldate = {2015-06-09},
  pages = {486--489}
}

@article{Horowitz_PNAS_2012,
  eprinttype = {pmid},
  eprint = {22869706},
  title = {Electron spin resonance of nitrogen-vacancy centers in optically trapped nanodiamonds},
  volume = {109},
  url = {http://www.pnas.org/content/109/34/13493},
  doi = {10.1073/pnas.1211311109},
  number = {34},
  journaltitle = {Proceedings of the National Academy of Sciences},
  shortjournal = {{PNAS}},
  author = {Horowitz, Viva R. and Alemán, Benjamín J. and Christle, David J. and Cleland, Andrew N. and Awschalom, David D.},
  urldate = {2015-07-02},
  pages = {13493--13497}
}

@article{Kolkowitz_Phys.Rev.Lett._2012,
  title = {Sensing Distant Nuclear Spins with a Single Electron Spin},
  volume = {109},
  url = {http://link.aps.org/doi/10.1103/PhysRevLett.109.137601},
  doi = {10.1103/PhysRevLett.109.137601},
  number = {13},
  journaltitle = {Physical Review Letters},
  shortjournal = {Phys. Rev. Lett.},
  author = {Kolkowitz, Shimon and Unterreithmeier, Quirin P. and Bennett, Steven D. and Lukin, Mikhail D.},
  urldate = {2015-06-09},
  pages = {137601}
}

@article{Neumann_Science_2010,
  eprinttype = {pmid},
  eprint = {20595582},
  title = {Single-Shot Readout of a Single Nuclear Spin},
  volume = {329},
  url = {http://www.sciencemag.org/content/329/5991/542},
  doi = {10.1126/science.1189075},
  number = {5991},
  journaltitle = {Science},
  author = {Neumann, Philipp and Beck, Johannes and Steiner, Matthias and Rempp, Florian and Fedder, Helmut and Hemmer, Philip R. and Wrachtrup, Jörg and Jelezko, Fedor},
  urldate = {2015-06-09},
  pages = {542--544}
}

@article{Nigg_Science_2014,
  eprinttype = {pmid},
  eprint = {24925911},
  title = {Quantum computations on a topologically encoded qubit},
  volume = {345},
  url = {http://www.sciencemag.org/content/345/6194/302},
  doi = {10.1126/science.1253742},
  number = {6194},
  journaltitle = {Science},
  author = {Nigg, D. and Müller, M. and Martinez, E. A. and Schindler, P. and Hennrich, M. and Monz, T. and Martin-Delgado, M. A. and Blatt, R.},
  urldate = {2015-07-02},
  pages = {302--305}
}

@article{Grinolds_NatNano_2014,
  title = {Subnanometre resolution in three-dimensional magnetic resonance imaging of individual dark spins},
  volume = {9},
  url = {http://www.nature.com/nnano/journal/v9/n4/abs/nnano.2014.30.html},
  doi = {10.1038/nnano.2014.30},
  number = {4},
  journaltitle = {Nature Nanotechnology},
  shortjournal = {Nat Nano},
  author = {Grinolds, M. S. and Warner, M. and Greve, K. De and Dovzhenko, Y. and Thiel, L. and Walsworth, R. L. and Hong, S. and Maletinsky, P. and Yacoby, A.},
  urldate = {2015-07-02},
  pages = {279--284}
}

@article{Higgins_Nature_2007,
  title = {Entanglement-free Heisenberg-limited phase estimation},
  volume = {450},
  url = {http://www.nature.com/nature/journal/v450/n7168/full/nature06257.html},
  doi = {10.1038/nature06257},
  number = {7168},
  journaltitle = {Nature},
  author = {Higgins, B. L. and Berry, D. W. and Bartlett, S. D. and Wiseman, H. M. and Pryde, G. J.},
  urldate = {2015-06-03},
  pages = {393--396}
}

@article{Yin_Phys.Rev.Lett._2013,
  title = {Catch and Release of Microwave Photon States},
  volume = {110},
  url = {http://link.aps.org/doi/10.1103/PhysRevLett.110.107001},
  doi = {10.1103/PhysRevLett.110.107001},
  number = {10},
  journaltitle = {Physical Review Letters},
  shortjournal = {Phys. Rev. Lett.},
  author = {Yin, Yi and Chen, Yu and Sank, Daniel and O’Malley, P. J. J. and White, T. C. and Barends, R. and Kelly, J. and Lucero, Erik and Mariantoni, Matteo and Megrant, A. and Neill, C. and Vainsencher, A. and Wenner, J. and Korotkov, Alexander N. and Cleland, A. N. and Martinis, John M.},
  urldate = {2015-07-02},
  pages = {107001}
}

@article{Chiaverini_Nature_2004,
  title = {Realization of quantum error correction},
  volume = {432},
  url = {http://www.nature.com/nature/journal/v432/n7017/full/nature03074.html},
  doi = {10.1038/nature03074},
  number = {7017},
  journaltitle = {Nature},
  author = {Chiaverini, J. and Leibfried, D. and Schaetz, T. and Barrett, M. D. and Blakestad, R. B. and Britton, J. and Itano, W. M. and Jost, J. D. and Knill, E. and Langer, C. and Ozeri, R. and Wineland, D. J.},
  urldate = {2015-07-02},
  pages = {602--605}
}

@article{Vittorini_Phys.Rev.A_2014,
  title = {Entanglement of distinguishable quantum memories},
  volume = {90},
  url = {http://link.aps.org/doi/10.1103/PhysRevA.90.040302},
  doi = {10.1103/PhysRevA.90.040302},
  number = {4},
  journaltitle = {Physical Review A},
  shortjournal = {Phys. Rev. A},
  author = {Vittorini, G. and Hucul, D. and Inlek, I. V. and Crocker, C. and Monroe, C.},
  urldate = {2015-07-02},
  pages = {040302}
}

@article{Bochmann_NatPhys_2013,
  title = {Nanomechanical coupling between microwave and optical photons},
  volume = {9},
  url = {http://www.nature.com/nphys/journal/v9/n11/full/nphys2748.html},
  doi = {10.1038/nphys2748},
  number = {11},
  journaltitle = {Nature Physics},
  shortjournal = {Nat Phys},
  author = {Bochmann, Joerg and Vainsencher, Amit and Awschalom, David D. and Cleland, Andrew N.},
  urldate = {2015-07-02},
  pages = {712--716}
}

@article{Dolde_NatPhys_2011,
  title = {Electric-field sensing using single diamond spins},
  volume = {7},
  url = {http://www.nature.com/nphys/journal/v7/n6/full/nphys1969.html},
  doi = {10.1038/nphys1969},
  number = {6},
  journaltitle = {Nature Physics},
  shortjournal = {Nat Phys},
  author = {Dolde, F. and Fedder, H. and Doherty, M. W. and Nöbauer, T. and Rempp, F. and Balasubramanian, G. and Wolf, T. and Reinhard, F. and Hollenberg, L. C. L. and Jelezko, F. and Wrachtrup, J.},
  urldate = {2015-06-03},
  pages = {459--463}
}

@article{Monroe_Science_2013,
  eprinttype = {pmid},
  eprint = {23471398},
  title = {Scaling the Ion Trap Quantum Processor},
  volume = {339},
  url = {http://www.sciencemag.org/content/339/6124/1164},
  doi = {10.1126/science.1231298},
  number = {6124},
  journaltitle = {Science},
  author = {Monroe, C. and Kim, J.},
  urldate = {2015-06-09},
  pages = {1164--1169}
}

@article{Jamali__2014,
  title = {Microscopic diamond solid-immersion-lenses fabricated around single defect centers by focused ion beam milling},
  volume = {85},
  url = {http://scitation.aip.org/content/aip/journal/rsi/85/12/10.1063/1.4902818},
  doi = {10.1063/1.4902818},
  number = {12},
  journaltitle = {Review of Scientific Instruments},
  shortjournal = {Rev. Sci. Instrum.},
  author = {Jamali, Mohammad and Gerhardt, Ilja and Rezai, Mohammad and Frenner, Karsten and Fedder, Helmut and Wrachtrup, Jörg},
  urldate = {2015-07-02},
  pages = {123703},
  keywords = {Diamond,Excited states,Fluorescence,Focused ion beam technology,Milling}
}

@article{Nusran_NatNano_2012,
  title = {High-dynamic-range magnetometry with a single electronic spin in diamond},
  volume = {7},
  url = {http://www.nature.com/nnano/journal/v7/n2/abs/nnano.2011.225.html},
  doi = {10.1038/nnano.2011.225},
  number = {2},
  journaltitle = {Nature Nanotechnology},
  shortjournal = {Nat Nano},
  author = {Nusran, N. M. and Momeen, M. Ummal and Dutt, M. V. Gurudev},
  urldate = {2015-06-03},
  pages = {109--113},
  keywords = {Nanomagnetism and spintronics,Nanometrology and instrumentation,Nanosensors and other devices}
}

@article{Naydenov_Phys.Rev.B_2011,
  title = {Dynamical decoupling of a single-electron spin at room temperature},
  volume = {83},
  url = {http://link.aps.org/doi/10.1103/PhysRevB.83.081201},
  doi = {10.1103/PhysRevB.83.081201},
  number = {8},
  journaltitle = {Physical Review B},
  shortjournal = {Phys. Rev. B},
  author = {Naydenov, Boris and Dolde, Florian and Hall, Liam T. and Shin, Chang and Fedder, Helmut and Hollenberg, Lloyd C. L. and Jelezko, Fedor and Wrachtrup, Jörg},
  urldate = {2015-06-09},
  pages = {081201}
}

@article{Zhong_Nature_2015,
  title = {Optically addressable nuclear spins in a solid with a six-hour coherence time},
  volume = {517},
  url = {http://www.nature.com/nature/journal/v517/n7533/full/nature14025.html},
  doi = {10.1038/nature14025},
  number = {7533},
  journaltitle = {Nature},
  author = {Zhong, Manjin and Hedges, Morgan P. and Ahlefeldt, Rose L. and Bartholomew, John G. and Beavan, Sarah E. and Wittig, Sven M. and Longdell, Jevon J. and Sellars, Matthew J.},
  urldate = {2015-07-02},
  pages = {177--180},
  keywords = {Quantum information,Quantum mechanics,Quantum optics}
}

@article{Degen__2008,
  title = {Scanning magnetic field microscope with a diamond single-spin sensor},
  volume = {92},
  url = {http://scitation.aip.org/content/aip/journal/apl/92/24/10.1063/1.2943282},
  doi = {10.1063/1.2943282},
  number = {24},
  journaltitle = {Applied Physics Letters},
  shortjournal = {Appl. Phys. Lett.},
  author = {Degen, C. L.},
  urldate = {2015-06-03},
  pages = {243111},
  keywords = {Diamond,Electron paramagnetic resonance spectroscopy,Magnetic fields,Magnetic field sensors,Magnetic resonance}
}

@article{Vijay_Nature_2012,
  title = {Stabilizing Rabi oscillations in a superconducting qubit using quantum feedback},
  volume = {490},
  url = {http://www.nature.com/nature/journal/v490/n7418/full/nature11505.html},
  doi = {10.1038/nature11505},
  number = {7418},
  journaltitle = {Nature},
  author = {Vijay, R. and Macklin, C. and Slichter, D. H. and Weber, S. J. and Murch, K. W. and Naik, R. and Korotkov, A. N. and Siddiqi, I.},
  urldate = {2015-06-03},
  pages = {77--80},
  keywords = {Applied physics,Engineering,Physics}
}

@article{Li_NatCommun_2015,
  title = {Coherent spin control of a nanocavity-enhanced qubit in diamond},
  volume = {6},
  url = {http://www.nature.com/ncomms/2015/150128/ncomms7173/full/ncomms7173.html},
  doi = {10.1038/ncomms7173},
  journaltitle = {Nature Communications},
  shortjournal = {Nat Commun},
  author = {Li, Luozhou and Schröder, Tim and Chen, Edward H. and Walsh, Michael and Bayn, Igal and Goldstein, Jordan and Gaathon, Ophir and Trusheim, Matthew E. and Lu, Ming and Mower, Jacob and Cotlet, Mircea and Markham, Matthew L. and Twitchen, Daniel J. and Englund, Dirk},
  urldate = {2015-07-02},
  keywords = {Applied physics,Nanotechnology,Physical sciences}
}

@article{Katz_Phys.Rev.Lett._2008,
  title = {Reversal of the Weak Measurement of a Quantum State in a Superconducting Phase Qubit},
  volume = {101},
  url = {http://link.aps.org/doi/10.1103/PhysRevLett.101.200401},
  doi = {10.1103/PhysRevLett.101.200401},
  number = {20},
  journaltitle = {Physical Review Letters},
  shortjournal = {Phys. Rev. Lett.},
  author = {Katz, Nadav and Neeley, Matthew and Ansmann, M. and Bialczak, Radoslaw C. and Hofheinz, M. and Lucero, Erik and O’Connell, A. and Wang, H. and Cleland, A. N. and Martinis, John M. and Korotkov, Alexander N.},
  urldate = {2015-07-02},
  pages = {200401}
}

@article{Barrett_Nature_2004,
  title = {Deterministic quantum teleportation of atomic qubits},
  volume = {429},
  url = {http://www.nature.com/nature/journal/v429/n6993/full/nature02608.html},
  doi = {10.1038/nature02608},
  number = {6993},
  journaltitle = {Nature},
  author = {Barrett, M. D. and Chiaverini, J. and Schaetz, T. and Britton, J. and Itano, W. M. and Jost, J. D. and Knill, E. and Langer, C. and Leibfried, D. and Ozeri, R. and Wineland, D. J.},
  urldate = {2015-06-09},
  pages = {737--739}
}

@article{Ryan_Phys.Rev.Lett._2010,
  title = {Robust Decoupling Techniques to Extend Quantum Coherence in Diamond},
  volume = {105},
  url = {http://link.aps.org/doi/10.1103/PhysRevLett.105.200402},
  doi = {10.1103/PhysRevLett.105.200402},
  number = {20},
  journaltitle = {Physical Review Letters},
  shortjournal = {Phys. Rev. Lett.},
  author = {Ryan, C. A. and Hodges, J. S. and Cory, D. G.},
  urldate = {2015-06-09},
  pages = {200402}
}

@article{Gillett_Phys.Rev.Lett._2010,
  title = {Experimental Feedback Control of Quantum Systems Using Weak Measurements},
  volume = {104},
  url = {http://link.aps.org/doi/10.1103/PhysRevLett.104.080503},
  doi = {10.1103/PhysRevLett.104.080503},
  number = {8},
  journaltitle = {Physical Review Letters},
  shortjournal = {Phys. Rev. Lett.},
  author = {Gillett, G. G. and Dalton, R. B. and Lanyon, B. P. and Almeida, M. P. and Barbieri, M. and Pryde, G. J. and O’Brien, J. L. and Resch, K. J. and Bartlett, S. D. and White, A. G.},
  urldate = {2015-07-02},
  pages = {080503}
}

@article{Siyushev_Phys.Rev.Lett._2013,
  title = {Optically Controlled Switching of the Charge State of a Single Nitrogen-Vacancy Center in Diamond at Cryogenic Temperatures},
  volume = {110},
  url = {http://link.aps.org/doi/10.1103/PhysRevLett.110.167402},
  doi = {10.1103/PhysRevLett.110.167402},
  number = {16},
  journaltitle = {Physical Review Letters},
  shortjournal = {Phys. Rev. Lett.},
  author = {Siyushev, P. and Pinto, H. and Vörös, M. and Gali, A. and Jelezko, F. and Wrachtrup, J.},
  urldate = {2015-06-09},
  pages = {167402}
}

@article{Giovannetti_NatPhoton_2011,
  title = {Advances in quantum metrology},
  volume = {5},
  url = {http://www.nature.com/nphoton/journal/v5/n4/abs/nphoton.2011.35.html},
  doi = {10.1038/nphoton.2011.35},
  number = {4},
  journaltitle = {Nature Photonics},
  shortjournal = {Nat Photon},
  author = {Giovannetti, Vittorio and Lloyd, Seth and Maccone, Lorenzo},
  urldate = {2015-06-03},
  pages = {222--229}
}

@article{Childress_Science_2006,
  eprinttype = {pmid},
  eprint = {16973839},
  title = {Coherent Dynamics of Coupled Electron and Nuclear Spin Qubits in Diamond},
  volume = {314},
  url = {http://www.sciencemag.org/content/314/5797/281},
  doi = {10.1126/science.1131871},
  number = {5797},
  journaltitle = {Science},
  author = {Childress, L. and Dutt, M. V. Gurudev and Taylor, J. M. and Zibrov, A. S. and Jelezko, F. and Wrachtrup, J. and Hemmer, P. R. and Lukin, M. D.},
  urldate = {2015-07-02},
  pages = {281--285}
}

@article{Dolde_NatPhys_2013,
  title = {Room-temperature entanglement between single defect spins in diamond},
  volume = {9},
  url = {http://www.nature.com/nphys/journal/v9/n3/full/nphys2545.html},
  doi = {10.1038/nphys2545},
  number = {3},
  journaltitle = {Nature Physics},
  shortjournal = {Nat Phys},
  author = {Dolde, F. and Jakobi, I. and Naydenov, B. and Zhao, N. and Pezzagna, S. and Trautmann, C. and Meijer, J. and Neumann, P. and Jelezko, F. and Wrachtrup, J.},
  urldate = {2015-06-09},
  pages = {139--143},
  keywords = {Condensed-matter physics,Quantum physics}
}

@article{Muller_NewJ.Phys._2011,
  title = {Wide-range electrical tunability of single-photon emission from chromium-based colour centres in diamond},
  volume = {13},
  url = {http://iopscience.iop.org/1367-2630/13/7/075001},
  doi = {10.1088/1367-2630/13/7/075001},
  number = {7},
  journaltitle = {New Journal of Physics},
  shortjournal = {New J. Phys.},
  author = {Müller, T. and Aharonovich, I. and Lombez, L. and Alaverdyan, Y. and Vamivakas, A. N. and Castelletto, S. and Jelezko, F. and Wrachtrup, J. and Prawer, S. and Atatüre, M.},
  urldate = {2015-07-02},
  pages = {075001}
}

@article{Zu_Nature_2014,
  title = {Experimental realization of universal geometric quantum gates with solid-state spins},
  volume = {514},
  url = {http://www.nature.com/nature/journal/v514/n7520/full/nature13729.html},
  doi = {10.1038/nature13729},
  number = {7520},
  journaltitle = {Nature},
  author = {Zu, C. and Wang, W.-B. and He, L. and Zhang, W.-G. and Dai, C.-Y. and Wang, F. and Duan, L.-M.},
  urldate = {2015-07-02},
  pages = {72--75},
  keywords = {Quantum information}
}

@article{Aslam_NewJ.Phys._2013,
  title = {Photo-induced ionization dynamics of the nitrogen vacancy defect in diamond investigated by single-shot charge state detection},
  volume = {15},
  url = {http://iopscience.iop.org/1367-2630/15/1/013064},
  doi = {10.1088/1367-2630/15/1/013064},
  number = {1},
  journaltitle = {New Journal of Physics},
  shortjournal = {New J. Phys.},
  author = {Aslam, N. and Waldherr, G. and Neumann, P. and Jelezko, F. and Wrachtrup, J.},
  urldate = {2015-07-02},
  pages = {013064}
}

@article{Chu_NanoLett._2014,
  title = {Coherent Optical Transitions in Implanted Nitrogen Vacancy Centers},
  volume = {14},
  url = {http://dx.doi.org/10.1021/nl404836p},
  doi = {10.1021/nl404836p},
  number = {4},
  journaltitle = {Nano Letters},
  shortjournal = {Nano Lett.},
  author = {Chu, Y. and de Leon, N.P. and Shields, B.J. and Hausmann, B. and Evans, R. and Togan, E. and Burek, M. J. and Markham, M. and Stacey, A. and Zibrov, A.S. and Yacoby, A. and Twitchen, D.J. and Loncar, M. and Park, H. and Maletinsky, P. and Lukin, M.D.},
  urldate = {2015-07-02},
  pages = {1982--1986}
}

@article{Ritter_Nature_2012,
  title = {An elementary quantum network of single atoms in optical cavities},
  volume = {484},
  url = {http://www.nature.com/nature/journal/v484/n7393/full/nature11023.html},
  doi = {10.1038/nature11023},
  number = {7393},
  journaltitle = {Nature},
  author = {Ritter, Stephan and Nölleke, Christian and Hahn, Carolin and Reiserer, Andreas and Neuzner, Andreas and Uphoff, Manuel and Mücke, Martin and Figueroa, Eden and Bochmann, Joerg and Rempe, Gerhard},
  urldate = {2015-06-09},
  pages = {195--200},
  keywords = {Physics}
}

@article{Gao_NatPhoton_2015,
  title = {Coherent manipulation, measurement and entanglement of individual solid-state spins using optical fields},
  volume = {9},
  url = {http://www.nature.com/nphoton/journal/v9/n6/full/nphoton.2015.58.html},
  doi = {10.1038/nphoton.2015.58},
  number = {6},
  journaltitle = {Nature Photonics},
  shortjournal = {Nat Photon},
  author = {Gao, W. B. and Imamoglu, A. and Bernien, H. and Hanson, R.},
  urldate = {2015-06-23},
  pages = {363--373}
}

@article{Hucul_NatPhys_2015,
  title = {Modular entanglement of atomic qubits using photons and phonons},
  volume = {11},
  url = {http://www.nature.com/nphys/journal/v11/n1/abs/nphys3150.html},
  doi = {10.1038/nphys3150},
  number = {1},
  journaltitle = {Nature Physics},
  shortjournal = {Nat Phys},
  author = {Hucul, D. and Inlek, I. V. and Vittorini, G. and Crocker, C. and Debnath, S. and Clark, S. M. and Monroe, C.},
  urldate = {2015-07-02},
  pages = {37--42}
}

@article{Tamarat_NewJ.Phys._2008,
  title = {Spin-flip and spin-conserving optical transitions of the nitrogen-vacancy centre in diamond},
  volume = {10},
  url = {http://iopscience.iop.org/1367-2630/10/4/045004},
  doi = {10.1088/1367-2630/10/4/045004},
  number = {4},
  journaltitle = {New Journal of Physics},
  shortjournal = {New J. Phys.},
  author = {Tamarat, Ph and Manson, N. B. and Harrison, J. P. and {McMurtrie}, R. L. and Nizovtsev, A. and Santori, C. and Beausoleil, R. G. and Neumann, P. and Gaebel, T. and Jelezko, F. and Hemmer, P. and Wrachtrup, J.},
  urldate = {2015-06-23},
  pages = {045004}
}

@article{Flagg_Phys.Rev.Lett._2010,
  title = {Interference of Single Photons from Two Separate Semiconductor Quantum Dots},
  volume = {104},
  url = {http://link.aps.org/doi/10.1103/PhysRevLett.104.137401},
  doi = {10.1103/PhysRevLett.104.137401},
  number = {13},
  journaltitle = {Physical Review Letters},
  shortjournal = {Phys. Rev. Lett.},
  author = {Flagg, Edward B. and Muller, Andreas and Polyakov, Sergey V. and Ling, Alex and Migdall, Alan and Solomon, Glenn S.},
  urldate = {2015-06-09},
  pages = {137401}
}

@article{Zurek_Phys.Rev.D_1982,
  title = {Environment-induced superselection rules},
  volume = {26},
  url = {http://link.aps.org/doi/10.1103/PhysRevD.26.1862},
  doi = {10.1103/PhysRevD.26.1862},
  number = {8},
  journaltitle = {Physical Review D},
  shortjournal = {Phys. Rev. D},
  author = {Zurek, W. H.},
  urldate = {2015-07-02},
  pages = {1862--1880}
}

@article{Sipahigil_Phys.Rev.Lett._2012,
  title = {Quantum Interference of Single Photons from Remote Nitrogen-Vacancy Centers in Diamond},
  volume = {108},
  url = {http://link.aps.org/doi/10.1103/PhysRevLett.108.143601},
  doi = {10.1103/PhysRevLett.108.143601},
  number = {14},
  journaltitle = {Physical Review Letters},
  shortjournal = {Phys. Rev. Lett.},
  author = {Sipahigil, A. and Goldman, M. L. and Togan, E. and Chu, Y. and Markham, M. and Twitchen, D. J. and Zibrov, A. S. and Kubanek, A. and Lukin, M. D.},
  urldate = {2015-06-09},
  pages = {143601}
}

@article{Smeltzer_Phys.Rev.A_2009,
  title = {Robust control of individual nuclear spins in diamond},
  volume = {80},
  url = {http://link.aps.org/doi/10.1103/PhysRevA.80.050302},
  doi = {10.1103/PhysRevA.80.050302},
  number = {5},
  journaltitle = {Physical Review A},
  shortjournal = {Phys. Rev. A},
  author = {Smeltzer, Benjamin and {McIntyre}, Jean and Childress, Lilian},
  urldate = {2015-06-23},
  pages = {050302}
}

@article{Loncar__2013,
  title = {Quantum photonic networks in diamond},
  volume = {38},
  url = {http://journals.cambridge.org/article_S0883769413000195},
  doi = {10.1557/mrs.2013.19},
  number = {02},
  journaltitle = {{MRS} Bulletin},
  shortjournal = {{MRS} Bull.},
  author = {Lončar, Marko and Faraon, Andrei},
  urldate = {2015-06-09},
  pages = {144--148}
}

@article{DeGreve_Nature_2012,
  title = {Quantum-dot spin-photon entanglement via frequency downconversion to telecom wavelength},
  volume = {491},
  url = {http://www.nature.com/nature/journal/v491/n7424/full/nature11577.html},
  doi = {10.1038/nature11577},
  number = {7424},
  journaltitle = {Nature},
  author = {De Greve, Kristiaan and Yu, Leo and {McMahon}, Peter L. and Pelc, Jason S. and Natarajan, Chandra M. and Kim, Na Young and Abe, Eisuke and Maier, Sebastian and Schneider, Christian and Kamp, Martin and Höfling, Sven and Hadfield, Robert H. and Forchel, Alfred and Fejer, M. M. and Yamamoto, Yoshihisa},
  urldate = {2015-06-09},
  pages = {421--425},
  keywords = {Applied physics,Engineering,Information technology,Physics}
}

@article{Andrews_NatPhys_2014,
  title = {Bidirectional and efficient conversion between microwave and optical light},
  volume = {10},
  url = {http://www.nature.com/nphys/journal/v10/n4/full/nphys2911.html},
  doi = {10.1038/nphys2911},
  number = {4},
  journaltitle = {Nature Physics},
  shortjournal = {Nat Phys},
  author = {Andrews, R. W. and Peterson, R. W. and Purdy, T. P. and Cicak, K. and Simmonds, R. W. and Regal, C. A. and Lehnert, K. W.},
  urldate = {2015-07-02},
  pages = {321--326}
}

@article{Nickerson_NatCommun_2013,
  title = {Topological quantum computing with a very noisy network and local error rates approaching one percent},
  volume = {4},
  url = {http://www.nature.com/ncomms/journal/v4/n4/full/ncomms2773.html},
  doi = {10.1038/ncomms2773},
  journaltitle = {Nature Communications},
  shortjournal = {Nat Commun},
  author = {Nickerson, Naomi H. and Li, Ying and Benjamin, Simon C.},
  urldate = {2015-06-09},
  pages = {1756},
  keywords = {Nanotechnology,Physical sciences,Theoretical physics}
}

@article{Kedem_Phys.Rev.Lett._2010,
  title = {Modular Values and Weak Values of Quantum Observables},
  volume = {105},
  url = {http://link.aps.org/doi/10.1103/PhysRevLett.105.230401},
  doi = {10.1103/PhysRevLett.105.230401},
  number = {23},
  journaltitle = {Physical Review Letters},
  shortjournal = {Phys. Rev. Lett.},
  author = {Kedem, Y. and Vaidman, L.},
  urldate = {2015-07-02},
  pages = {230401}
}

@article{Hofmann_Science_2012,
  eprinttype = {pmid},
  eprint = {22767924},
  title = {Heralded Entanglement Between Widely Separated Atoms},
  volume = {337},
  url = {http://www.sciencemag.org/content/337/6090/72},
  doi = {10.1126/science.1221856},
  number = {6090},
  journaltitle = {Science},
  author = {Hofmann, Julian and Krug, Michael and Ortegel, Norbert and Gérard, Lea and Weber, Markus and Rosenfeld, Wenjamin and Weinfurter, Harald},
  urldate = {2015-06-09},
  pages = {72--75}
}

@article{Mouradian__2014,
  eprinttype = {arxiv},
  eprint = {1409.7965},
  title = {Scalable integration of long-lived quantum memories into a photonic circuit},
  url = {http://arxiv.org/abs/1409.7965},
  author = {Mouradian, Sara L. and Schröder, Tim and Poitras, Carl B. and Li, Luozhou and Goldstein, Jordan and Chen, Edward H. and Cardenas, Jaime and Markham, Matthew L. and Twitchen, Daniel J. and Lipson, Michal and Englund, Dirk},
  urldate = {2015-07-02},
  keywords = {Physics - Optics}
}

@article{Wang_Phys.Rev.Lett._2011,
  title = {Preservation of Bipartite Pseudoentanglement in Solids Using Dynamical Decoupling},
  volume = {106},
  url = {http://link.aps.org/doi/10.1103/PhysRevLett.106.040501},
  doi = {10.1103/PhysRevLett.106.040501},
  number = {4},
  journaltitle = {Physical Review Letters},
  shortjournal = {Phys. Rev. Lett.},
  author = {Wang, Ya and Rong, Xing and Feng, Pengbo and Xu, Wanjie and Chong, Bo and Su, Ji-Hu and Gong, Jiangbin and Du, Jiangfeng},
  urldate = {2015-07-02},
  pages = {040501}
}

@article{Shi_Science_2015,
  eprinttype = {pmid},
  eprint = {25745170},
  title = {Single-protein spin resonance spectroscopy under ambient conditions},
  volume = {347},
  url = {http://www.sciencemag.org/content/347/6226/1135},
  doi = {10.1126/science.aaa2253},
  number = {6226},
  journaltitle = {Science},
  author = {Shi, Fazhan and Zhang, Qi and Wang, Pengfei and Sun, Hongbin and Wang, Jiarong and Rong, Xing and Chen, Ming and Ju, Chenyong and Reinhard, Friedemann and Chen, Hongwei and Wrachtrup, Jörg and Wang, Junfeng and Du, Jiangfeng},
  urldate = {2015-06-03},
  pages = {1135--1138}
}

@article{London_Phys.Rev.Lett._2013,
  title = {Detecting and Polarizing Nuclear Spins with Double Resonance on a Single Electron Spin},
  volume = {111},
  url = {http://link.aps.org/doi/10.1103/PhysRevLett.111.067601},
  doi = {10.1103/PhysRevLett.111.067601},
  number = {6},
  journaltitle = {Physical Review Letters},
  shortjournal = {Phys. Rev. Lett.},
  author = {London, P. and Scheuer, J. and Cai, J.-M. and Schwarz, I. and Retzker, A. and Plenio, M. B. and Katagiri, M. and Teraji, T. and Koizumi, S. and Isoya, J. and Fischer, R. and {McGuinness}, L. P. and Naydenov, B. and Jelezko, F.},
  urldate = {2015-07-02},
  pages = {067601}
}

@article{Barz_Science_2012,
  eprinttype = {pmid},
  eprint = {22267806},
  title = {Demonstration of Blind Quantum Computing},
  volume = {335},
  url = {http://www.sciencemag.org/content/335/6066/303},
  doi = {10.1126/science.1214707},
  number = {6066},
  journaltitle = {Science},
  author = {Barz, Stefanie and Kashefi, Elham and Broadbent, Anne and Fitzsimons, Joseph F. and Zeilinger, Anton and Walther, Philip},
  urldate = {2015-06-09},
  pages = {303--308}
}

@article{Blok_NatPhys_2014,
  title = {Manipulating a qubit through the backaction of sequential partial measurements and real-time feedback},
  volume = {10},
  url = {http://www.nature.com/nphys/journal/v10/n3/abs/nphys2881.html},
  doi = {10.1038/nphys2881},
  number = {3},
  journaltitle = {Nature Physics},
  shortjournal = {Nat Phys},
  author = {Blok, M. S. and Bonato, C. and Markham, M. L. and Twitchen, D. J. and Dobrovitski, V. V. and Hanson, R.},
  urldate = {2015-06-03},
  pages = {189--193}
}

@article{Moehring_Nature_2007,
  title = {Entanglement of single-atom quantum bits at a distance},
  volume = {449},
  url = {http://www.nature.com/nature/journal/v449/n7158/full/nature06118.html},
  doi = {10.1038/nature06118},
  number = {7158},
  journaltitle = {Nature},
  author = {Moehring, D. L. and Maunz, P. and Olmschenk, S. and Younge, K. C. and Matsukevich, D. N. and Duan, L.-M. and Monroe, C.},
  urldate = {2015-06-09},
  pages = {68--71}
}

@article{Awschalom_Science_2013,
  eprinttype = {pmid},
  eprint = {23471400},
  title = {Quantum Spintronics: Engineering and Manipulating Atom-Like Spins in Semiconductors},
  volume = {339},
  url = {http://www.sciencemag.org/content/339/6124/1174},
  doi = {10.1126/science.1231364},
  shorttitle = {Quantum Spintronics},
  number = {6124},
  journaltitle = {Science},
  author = {Awschalom, David D. and Bassett, Lee C. and Dzurak, Andrew S. and Hu, Evelyn L. and Petta, Jason R.},
  urldate = {2015-06-09},
  pages = {1174--1179}
}

@article{Devoret_Science_2013,
  eprinttype = {pmid},
  eprint = {23471399},
  title = {Superconducting Circuits for Quantum Information: An Outlook},
  volume = {339},
  url = {http://www.sciencemag.org/content/339/6124/1169},
  doi = {10.1126/science.1231930},
  shorttitle = {Superconducting Circuits for Quantum Information},
  number = {6124},
  journaltitle = {Science},
  author = {Devoret, M. H. and Schoelkopf, R. J.},
  urldate = {2015-06-09},
  pages = {1169--1174}
}

@article{Robledo_Phys.Rev.Lett._2010,
  title = {Control and Coherence of the Optical Transition of Single Nitrogen Vacancy Centers in Diamond},
  volume = {105},
  url = {http://link.aps.org/doi/10.1103/PhysRevLett.105.177403},
  doi = {10.1103/PhysRevLett.105.177403},
  number = {17},
  journaltitle = {Physical Review Letters},
  shortjournal = {Phys. Rev. Lett.},
  author = {Robledo, Lucio and Bernien, Hannes and van Weperen, Ilse and Hanson, Ronald},
  urldate = {2015-06-09},
  pages = {177403}
}

@article{Maze_Nature_2008,
  title = {Nanoscale magnetic sensing with an individual electronic spin in diamond},
  volume = {455},
  url = {http://www.nature.com/nature/journal/v455/n7213/abs/nature07279.html},
  doi = {10.1038/nature07279},
  number = {7213},
  journaltitle = {Nature},
  author = {Maze, J. R. and Stanwix, P. L. and Hodges, J. S. and Hong, S. and Taylor, J. M. and Cappellaro, P. and Jiang, L. and Dutt, M. V. Gurudev and Togan, E. and Zibrov, A. S. and Yacoby, A. and Walsworth, R. L. and Lukin, M. D.},
  urldate = {2015-06-03},
  pages = {644--647}
}

@article{Kucsko_Nature_2013,
  title = {Nanometre-scale thermometry in a living cell},
  volume = {500},
  url = {http://www.nature.com/nature/journal/v500/n7460/full/nature12373.html},
  doi = {10.1038/nature12373},
  number = {7460},
  journaltitle = {Nature},
  author = {Kucsko, G. and Maurer, P. C. and Yao, N. Y. and Kubo, M. and Noh, H. J. and Lo, P. K. and Park, H. and Lukin, M. D.},
  urldate = {2015-06-03},
  pages = {54--58},
  keywords = {Biosensors,Quantum metrology}
}

@article{George_PNAS_2013,
  eprinttype = {pmid},
  eprint = {23412336},
  title = {Opening up three quantum boxes causes classically undetectable wavefunction collapse},
  volume = {110},
  url = {http://www.pnas.org/content/110/10/3777},
  doi = {10.1073/pnas.1208374110},
  number = {10},
  journaltitle = {Proceedings of the National Academy of Sciences},
  shortjournal = {{PNAS}},
  author = {George, Richard E. and Robledo, Lucio M. and Maroney, Owen J. E. and Blok, Machiel S. and Bernien, Hannes and Markham, Matthew L. and Twitchen, Daniel J. and Morton, John J. L. and Briggs, G. Andrew D. and Hanson, Ronald},
  urldate = {2015-07-02},
  pages = {3777--3781},
  keywords = {Leggett–Garg,quantum contextuality,quantum non-demolition measurement}
}

@article{Beha_Phys.Rev.Lett._2012,
  title = {Optimum Photoluminescence Excitation and Recharging Cycle of Single Nitrogen-Vacancy Centers in Ultrapure Diamond},
  volume = {109},
  url = {http://link.aps.org/doi/10.1103/PhysRevLett.109.097404},
  doi = {10.1103/PhysRevLett.109.097404},
  number = {9},
  journaltitle = {Physical Review Letters},
  shortjournal = {Phys. Rev. Lett.},
  author = {Beha, K. and Batalov, A. and Manson, N. B. and Bratschitsch, R. and Leitenstorfer, A.},
  urldate = {2015-07-02},
  pages = {097404}
}

@article{Tetienne_Science_2014,
  eprinttype = {pmid},
  eprint = {24948732},
  title = {Nanoscale imaging and control of domain-wall hopping with a nitrogen-vacancy center microscope},
  volume = {344},
  url = {http://www.sciencemag.org/content/344/6190/1366},
  doi = {10.1126/science.1250113},
  number = {6190},
  journaltitle = {Science},
  author = {Tetienne, J.-P. and Hingant, T. and Kim, J.-V. and Diez, L. Herrera and Adam, J.-P. and Garcia, K. and Roch, J.-F. and Rohart, S. and Thiaville, A. and Ravelosona, D. and Jacques, V.},
  urldate = {2015-06-03},
  pages = {1366--1369}
}

@article{Robledo_Nature_2011,
  title = {High-fidelity projective read-out of a solid-state spin quantum register},
  volume = {477},
  url = {http://www.nature.com/nature/journal/v477/n7366/full/nature10401.html},
  doi = {10.1038/nature10401},
  number = {7366},
  journaltitle = {Nature},
  author = {Robledo, Lucio and Childress, Lilian and Bernien, Hannes and Hensen, Bas and Alkemade, Paul F. A. and Hanson, Ronald},
  urldate = {2015-06-03},
  pages = {574--578},
  keywords = {Applied physics and engineering,Physics}
}

@article{Toyli_PNAS_2013,
  eprinttype = {pmid},
  eprint = {23650364},
  title = {Fluorescence thermometry enhanced by the quantum coherence of single spins in diamond},
  volume = {110},
  url = {http://www.pnas.org/content/110/21/8417},
  doi = {10.1073/pnas.1306825110},
  number = {21},
  journaltitle = {Proceedings of the National Academy of Sciences},
  shortjournal = {{PNAS}},
  author = {Toyli, David M. and Casas, Charles F. de las and Christle, David J. and Dobrovitski, Viatcheslav V. and Awschalom, David D.},
  urldate = {2015-06-03},
  pages = {8417--8421},
  keywords = {electron spin resonance,quantum control,spintronics}
}

@article{Naydenov__2010,
  title = {Increasing the coherence time of single electron spins in diamond by high temperature annealing},
  volume = {97},
  url = {http://scitation.aip.org/content/aip/journal/apl/97/24/10.1063/1.3527975},
  doi = {10.1063/1.3527975},
  number = {24},
  journaltitle = {Applied Physics Letters},
  shortjournal = {Appl. Phys. Lett.},
  author = {Naydenov, Boris and Reinhard, Friedemann and Lämmle, Anke and Richter, V. and Kalish, Rafi and D’Haenens-Johansson, Ulrika F. S. and Newton, Mark and Jelezko, Fedor and Wrachtrup, Jörg},
  urldate = {2015-07-02},
  pages = {242511},
  keywords = {Annealing,Coherence,Crystal defects,Diamond,Ion implantation}
}

@article{Kim_NatPhys_2012,
  title = {Protecting entanglement from decoherence using weak measurement and quantum measurement reversal},
  volume = {8},
  url = {http://www.nature.com/nphys/journal/v8/n2/full/nphys2178.html},
  doi = {10.1038/nphys2178},
  number = {2},
  journaltitle = {Nature Physics},
  shortjournal = {Nat Phys},
  author = {Kim, Yong-Su and Lee, Jong-Chan and Kwon, Osung and Kim, Yoon-Ho},
  urldate = {2015-07-02},
  pages = {117--120},
  keywords = {Optical physics,Quantum physics}
}

@article{Togan_Nature_2010,
  title = {Quantum entanglement between an optical photon and a solid-state spin qubit},
  volume = {466},
  url = {http://www.nature.com/nature/journal/v466/n7307/abs/nature09256.html},
  doi = {10.1038/nature09256},
  number = {7307},
  journaltitle = {Nature},
  author = {Togan, E. and Chu, Y. and Trifonov, A. S. and Jiang, L. and Maze, J. and Childress, L. and Dutt, M. V. G. and Sørensen, A. S. and Hemmer, P. R. and Zibrov, A. S. and Lukin, M. D.},
  urldate = {2015-06-09},
  pages = {730--734},
  keywords = {Applied physics,Engineering}
}

@article{Campbell_Phys.Rev.Lett._2008,
  title = {Measurement-Based Entanglement under Conditions of Extreme Photon Loss},
  volume = {101},
  url = {http://link.aps.org/doi/10.1103/PhysRevLett.101.130502},
  doi = {10.1103/PhysRevLett.101.130502},
  number = {13},
  journaltitle = {Physical Review Letters},
  shortjournal = {Phys. Rev. Lett.},
  author = {Campbell, Earl T. and Benjamin, Simon C.},
  urldate = {2015-06-23},
  pages = {130502}
}

@article{OConnell_Nature_2010,
  title = {Quantum ground state and single-phonon control of a mechanical resonator},
  volume = {464},
  url = {http://www.nature.com/nature/journal/v464/n7289/full/nature08967.html},
  doi = {10.1038/nature08967},
  number = {7289},
  journaltitle = {Nature},
  author = {O’Connell, A. D. and Hofheinz, M. and Ansmann, M. and Bialczak, Radoslaw C. and Lenander, M. and Lucero, Erik and Neeley, M. and Sank, D. and Wang, H. and Weides, M. and Wenner, J. and Martinis, John M. and Cleland, A. N.},
  urldate = {2015-07-02},
  pages = {697--703}
}

@book{Nielsen__2000,
  title = {Quantum Computation and Quantum Information},
  isbn = {9780521635035},
  pagetotal = {710},
  publisher = {Cambridge University Press},
  author = {Nielsen, Michael A. and Chuang, Isaac L.},
  keywords = {Computers / Computer Science,Science / Physics / General,Science / Physics / Mathematical \& Computational,Science / Physics / Quantum Theory,Technology \& Engineering / Electronics / General}
}

@article{Nolleke_Phys.Rev.Lett._2013,
  title = {Efficient Teleportation Between Remote Single-Atom Quantum Memories},
  volume = {110},
  url = {http://link.aps.org/doi/10.1103/PhysRevLett.110.140403},
  doi = {10.1103/PhysRevLett.110.140403},
  number = {14},
  journaltitle = {Physical Review Letters},
  shortjournal = {Phys. Rev. Lett.},
  author = {Nölleke, Christian and Neuzner, Andreas and Reiserer, Andreas and Hahn, Carolin and Rempe, Gerhard and Ritter, Stephan},
  urldate = {2015-06-09},
  pages = {140403}
}

@article{Benjamin_LaserPhoton.Rev._2009,
  title = {Prospects for measurement-based quantum computing with solid state spins},
  volume = {3},
  url = {http://onlinelibrary.wiley.com/doi/10.1002/lpor.200810051/abstract},
  doi = {10.1002/lpor.200810051},
  number = {6},
  journaltitle = {Laser \& Photonics Reviews},
  shortjournal = {Laser \& Photon. Rev.},
  author = {Benjamin, S.c. and Lovett, B.w. and Smith, J.m.},
  urldate = {2015-07-02},
  pages = {556--574},
  keywords = {Coherence,entanglement,graph states,NV centres,Quantum computing,quantum dots.,spin qubits}
}

@article{Waldherr_Nature_2014,
  title = {Quantum error correction in a solid-state hybrid spin register},
  volume = {advance online publication},
  url = {http://www.nature.com/nature/journal/vaop/ncurrent/abs/nature12919.html},
  doi = {10.1038/nature12919},
  journaltitle = {Nature},
  author = {Waldherr, G. and Wang, Y. and Zaiser, S. and Jamali, M. and Schulte-Herbrüggen, T. and Abe, H. and Ohshima, T. and Isoya, J. and Du, J. F. and Neumann, P. and Wrachtrup, J.},
  urldate = {2015-07-02}
}

@article{Schindler_Science_2011,
  eprinttype = {pmid},
  eprint = {21617070},
  title = {Experimental Repetitive Quantum Error Correction},
  volume = {332},
  url = {http://www.sciencemag.org/content/332/6033/1059},
  doi = {10.1126/science.1203329},
  number = {6033},
  journaltitle = {Science},
  author = {Schindler, Philipp and Barreiro, Julio T. and Monz, Thomas and Nebendahl, Volckmar and Nigg, Daniel and Chwalla, Michael and Hennrich, Markus and Blatt, Rainer},
  urldate = {2015-07-02},
  pages = {1059--1061}
}

@article{Goggin_PNAS_2011,
  eprinttype = {pmid},
  eprint = {21220296},
  title = {Violation of the Leggett–Garg inequality with weak measurements of photons},
  volume = {108},
  url = {http://www.pnas.org/content/108/4/1256},
  doi = {10.1073/pnas.1005774108},
  number = {4},
  journaltitle = {Proceedings of the National Academy of Sciences},
  shortjournal = {{PNAS}},
  author = {Goggin, M. E. and Almeida, M. P. and Barbieri, M. and Lanyon, B. P. and O’Brien, J. L. and White, A. G. and Pryde, G. J.},
  urldate = {2015-07-02},
  pages = {1256--1261},
  keywords = {entanglement,quantum communication,quantum measurement,quantum nonlocality}
}

@article{Ladd_Nature_2010,
  title = {Quantum computers},
  volume = {464},
  url = {http://www.nature.com/nature/journal/v464/n7285/full/nature08812.html},
  doi = {10.1038/nature08812},
  number = {7285},
  journaltitle = {Nature},
  author = {Ladd, T. D. and Jelezko, F. and Laflamme, R. and Nakamura, Y. and Monroe, C. and O’Brien, J. L.},
  urldate = {2015-06-09},
  pages = {45--53}
}

@article{LeSage_Nature_2013,
  title = {Optical magnetic imaging of living cells},
  volume = {496},
  url = {http://www.nature.com/nature/journal/v496/n7446/full/nature12072.html},
  doi = {10.1038/nature12072},
  number = {7446},
  journaltitle = {Nature},
  author = {Le Sage, D. and Arai, K. and Glenn, D. R. and {DeVience}, S. J. and Pham, L. M. and Rahn-Lee, L. and Lukin, M. D. and Yacoby, A. and Komeili, A. and Walsworth, R. L.},
  urldate = {2015-06-03},
  pages = {486--489},
  keywords = {Applied physics,Cellular imaging,Imaging techniques,Techniques and applications}
}

@article{Lanyon_Phys.Rev.Lett._2013,
  title = {Measurement-Based Quantum Computation with Trapped Ions},
  volume = {111},
  url = {http://link.aps.org/doi/10.1103/PhysRevLett.111.210501},
  doi = {10.1103/PhysRevLett.111.210501},
  number = {21},
  journaltitle = {Physical Review Letters},
  shortjournal = {Phys. Rev. Lett.},
  author = {Lanyon, B. P. and Jurcevic, P. and Zwerger, M. and Hempel, C. and Martinez, E. A. and Dür, W. and Briegel, H. J. and Blatt, R. and Roos, C. F.},
  urldate = {2015-07-02},
  pages = {210501}
}

@article{Saira_Phys.Rev.Lett._2014,
  title = {Entanglement Genesis by Ancilla-Based Parity Measurement in 2D Circuit {QED}},
  volume = {112},
  url = {http://link.aps.org/doi/10.1103/PhysRevLett.112.070502},
  doi = {10.1103/PhysRevLett.112.070502},
  number = {7},
  journaltitle = {Physical Review Letters},
  shortjournal = {Phys. Rev. Lett.},
  author = {Saira, O.-P. and Groen, J. P. and Cramer, J. and Meretska, M. and de Lange, G. and {DiCarlo}, L.},
  urldate = {2015-07-02},
  pages = {070502}
}

@article{Maurer_Science_2012,
  eprinttype = {pmid},
  eprint = {22679092},
  title = {Room-Temperature Quantum Bit Memory Exceeding One Second},
  volume = {336},
  url = {http://www.sciencemag.org/content/336/6086/1283},
  doi = {10.1126/science.1220513},
  number = {6086},
  journaltitle = {Science},
  author = {Maurer, P. C. and Kucsko, G. and Latta, C. and Jiang, L. and Yao, N. Y. and Bennett, S. D. and Pastawski, F. and Hunger, D. and Chisholm, N. and Markham, M. and Twitchen, D. J. and Cirac, J. I. and Lukin, M. D.},
  urldate = {2015-06-09},
  pages = {1283--1286}
}

@article{Neumann_Science_2008,
  eprinttype = {pmid},
  eprint = {18535240},
  title = {Multipartite Entanglement Among Single Spins in Diamond},
  volume = {320},
  url = {http://www.sciencemag.org/content/320/5881/1326},
  doi = {10.1126/science.1157233},
  number = {5881},
  journaltitle = {Science},
  author = {Neumann, P. and Mizuochi, N. and Rempp, F. and Hemmer, P. and Watanabe, H. and Yamasaki, S. and Jacques, V. and Gaebel, T. and Jelezko, F. and Wrachtrup, J.},
  urldate = {2015-06-09},
  pages = {1326--1329}
}

@article{Shulman_NatCommun_2014,
  title = {Suppressing qubit dephasing using real-time Hamiltonian estimation},
  volume = {5},
  url = {http://www.nature.com/ncomms/2014/141008/ncomms6156/full/ncomms6156.html},
  doi = {10.1038/ncomms6156},
  journaltitle = {Nature Communications},
  shortjournal = {Nat Commun},
  author = {Shulman, M. D. and Harvey, S. P. and Nichol, J. M. and Bartlett, S. D. and Doherty, A. C. and Umansky, V. and Yacoby, A.},
  urldate = {2015-06-03},
  keywords = {Applied physics,Physical sciences,Theoretical physics}
}

@article{Schmidt-Kaler_Nature_2003,
  title = {Realization of the Cirac–Zoller controlled-{NOT} quantum gate},
  volume = {422},
  url = {http://www.nature.com/nature/journal/v422/n6930/full/nature01494.html},
  doi = {10.1038/nature01494},
  number = {6930},
  journaltitle = {Nature},
  author = {Schmidt-Kaler, Ferdinand and Häffner, Hartmut and Riebe, Mark and Gulde, Stephan and Lancaster, Gavin P. T. and Deuschle, Thomas and Becher, Christoph and Roos, Christian F. and Eschner, Jürgen and Blatt, Rainer},
  urldate = {2015-07-02},
  pages = {408--411}
}

@article{Brunner_Rev.Mod.Phys._2014,
  title = {Bell nonlocality},
  volume = {86},
  url = {http://link.aps.org/doi/10.1103/RevModPhys.86.419},
  doi = {10.1103/RevModPhys.86.419},
  number = {2},
  journaltitle = {Reviews of Modern Physics},
  shortjournal = {Rev. Mod. Phys.},
  author = {Brunner, Nicolas and Cavalcanti, Daniel and Pironio, Stefano and Scarani, Valerio and Wehner, Stephanie},
  urldate = {2015-06-09},
  pages = {419--478}
}

@article{Lange_Science_2010,
  eprinttype = {pmid},
  eprint = {20829452},
  title = {Universal Dynamical Decoupling of a Single Solid-State Spin from a Spin Bath},
  volume = {330},
  url = {http://www.sciencemag.org/content/330/6000/60},
  doi = {10.1126/science.1192739},
  number = {6000},
  journaltitle = {Science},
  author = {Lange, G. de and Wang, Z. H. and Ristè, D. and Dobrovitski, V. V. and Hanson, R.},
  urldate = {2015-06-09},
  pages = {60--63}
}

@article{Reed_Nature_2012,
  title = {Realization of three-qubit quantum error correction with superconducting circuits},
  volume = {482},
  url = {http://www.nature.com/nature/journal/v482/n7385/full/nature10786.html},
  doi = {10.1038/nature10786},
  number = {7385},
  journaltitle = {Nature},
  author = {Reed, M. D. and {DiCarlo}, L. and Nigg, S. E. and Sun, L. and Frunzio, L. and Girvin, S. M. and Schoelkopf, R. J.},
  urldate = {2015-07-02},
  pages = {382--385},
  keywords = {Applied physics,Computing science,Engineering,Information technology,Physics}
}

@article{Bennett_Phys.Rev.Lett._1996,
  title = {Purification of Noisy Entanglement and Faithful Teleportation via Noisy Channels},
  volume = {76},
  url = {http://link.aps.org/doi/10.1103/PhysRevLett.76.722},
  doi = {10.1103/PhysRevLett.76.722},
  number = {5},
  journaltitle = {Physical Review Letters},
  shortjournal = {Phys. Rev. Lett.},
  author = {Bennett, Charles H. and Brassard, Gilles and Popescu, Sandu and Schumacher, Benjamin and Smolin, John A. and Wootters, William K.},
  urldate = {2015-06-23},
  pages = {722--725}
}

@article{Aharonovich_NatPhoton_2011,
  title = {Diamond photonics},
  volume = {5},
  url = {http://www.nature.com/nphoton/journal/v5/n7/abs/nphoton.2011.54.html},
  doi = {10.1038/nphoton.2011.54},
  number = {7},
  journaltitle = {Nature Photonics},
  shortjournal = {Nat Photon},
  author = {Aharonovich, Igor and Greentree, Andrew D. and Prawer, Steven},
  urldate = {2015-06-09},
  pages = {397--405}
}

@article{Dobrovitski_Phys.Rev.B_2008,
  title = {Decoherence dynamics of a single spin versus spin ensemble},
  volume = {77},
  url = {http://link.aps.org/doi/10.1103/PhysRevB.77.245212},
  doi = {10.1103/PhysRevB.77.245212},
  number = {24},
  journaltitle = {Physical Review B},
  shortjournal = {Phys. Rev. B},
  author = {Dobrovitski, V. V. and Feiguin, A. E. and Awschalom, D. D. and Hanson, R.},
  urldate = {2015-07-02},
  pages = {245212}
}

@article{Riebe_Nature_2004,
  title = {Deterministic quantum teleportation with atoms},
  volume = {429},
  url = {http://www.nature.com/nature/journal/v429/n6993/abs/nature02570.html},
  doi = {10.1038/nature02570},
  number = {6993},
  journaltitle = {Nature},
  author = {Riebe, M. and Häffner, H. and Roos, C. F. and Hänsel, W. and Benhelm, J. and Lancaster, G. P. T. and Körber, T. W. and Becher, C. and Schmidt-Kaler, F. and James, D. F. V. and Blatt, R.},
  urldate = {2015-06-09},
  pages = {734--737}
}

@article{Kubanek_Nature_2009,
  title = {Photon-by-photon feedback control of a single-atom trajectory},
  volume = {462},
  url = {http://www.nature.com/nature/journal/v462/n7275/full/nature08563.html},
  doi = {10.1038/nature08563},
  number = {7275},
  journaltitle = {Nature},
  author = {Kubanek, A. and Koch, M. and Sames, C. and Ourjoumtsev, A. and Pinkse, P. W. H. and Murr, K. and Rempe, G.},
  urldate = {2015-07-02},
  pages = {898--901}
}

@article{Erhart_NatPhys_2012,
  title = {Experimental demonstration of a universally valid error-disturbance uncertainty relation in spin measurements},
  volume = {8},
  url = {http://www.nature.com/nphys/journal/v8/n3/full/nphys2194.html},
  doi = {10.1038/nphys2194},
  number = {3},
  journaltitle = {Nature Physics},
  shortjournal = {Nat Phys},
  author = {Erhart, Jacqueline and Sponar, Stephan and Sulyok, Georg and Badurek, Gerald and Ozawa, Masanao and Hasegawa, Yuji},
  urldate = {2015-07-02},
  pages = {185--189},
  keywords = {Atomic and molecular physics,Quantum physics}
}

@article{Balasubramanian_Nature_2008,
  title = {Nanoscale imaging magnetometry with diamond spins under ambient conditions},
  volume = {455},
  url = {http://www.nature.com/nature/journal/v455/n7213/abs/nature07278.html},
  doi = {10.1038/nature07278},
  number = {7213},
  journaltitle = {Nature},
  author = {Balasubramanian, Gopalakrishnan and Chan, I. Y. and Kolesov, Roman and Al-Hmoud, Mohannad and Tisler, Julia and Shin, Chang and Kim, Changdong and Wojcik, Aleksander and Hemmer, Philip R. and Krueger, Anke and Hanke, Tobias and Leitenstorfer, Alfred and Bratschitsch, Rudolf and Jelezko, Fedor and Wrachtrup, Jörg},
  urldate = {2015-06-03},
  pages = {648--651}
}

@article{Laraoui_NatCommun_2013,
  title = {High-resolution correlation spectroscopy of 13C spins near a nitrogen-vacancy centre in diamond},
  volume = {4},
  url = {http://www.nature.com/ncomms/journal/v4/n4/full/ncomms2685.html},
  doi = {10.1038/ncomms2685},
  journaltitle = {Nature Communications},
  shortjournal = {Nat Commun},
  author = {Laraoui, Abdelghani and Dolde, Florian and Burk, Christian and Reinhard, Friedemann and Wrachtrup, Jörg and Meriles, Carlos A.},
  urldate = {2015-06-23},
  pages = {1651},
  keywords = {Condensed matter,Optical physics,Physical sciences}
}

@article{Riste_NatCommun_2015,
  title = {Detecting bit-flip errors in a logical qubit using stabilizer measurements},
  volume = {6},
  url = {http://www.nature.com/ncomms/2015/150429/ncomms7983/full/ncomms7983.html},
  doi = {10.1038/ncomms7983},
  journaltitle = {Nature Communications},
  shortjournal = {Nat Commun},
  author = {Ristè, D. and Poletto, S. and Huang, M.-Z. and Bruno, A. and Vesterinen, V. and Saira, O.-P. and {DiCarlo}, L.},
  urldate = {2015-07-02},
  keywords = {Applied physics,Physical sciences}
}

@article{Barrett_Phys.Rev.A_2005,
  title = {Efficient high-fidelity quantum computation using matter qubits and linear optics},
  volume = {71},
  url = {http://link.aps.org/doi/10.1103/PhysRevA.71.060310},
  doi = {10.1103/PhysRevA.71.060310},
  number = {6},
  journaltitle = {Physical Review A},
  shortjournal = {Phys. Rev. A},
  author = {Barrett, Sean D. and Kok, Pieter},
  urldate = {2015-06-09},
  pages = {060310}
}

@article{Reiserer_Nature_2014,
  title = {A quantum gate between a flying optical photon and a single trapped atom},
  volume = {508},
  url = {http://www.nature.com/nature/journal/v508/n7495/full/nature13177.html},
  doi = {10.1038/nature13177},
  number = {7495},
  journaltitle = {Nature},
  author = {Reiserer, Andreas and Kalb, Norbert and Rempe, Gerhard and Ritter, Stephan},
  urldate = {2015-07-02},
  pages = {237--240},
  keywords = {Nonlinear optics,Quantum information,Quantum optics,Qubits}
}

@article{vanderSar_Nature_2012,
  title = {Decoherence-protected quantum gates for a hybrid solid-state spin register},
  volume = {484},
  url = {http://www.nature.com/nature/journal/v484/n7392/full/nature10900.html},
  doi = {10.1038/nature10900},
  number = {7392},
  journaltitle = {Nature},
  author = {van der Sar, T. and Wang, Z. H. and Blok, M. S. and Bernien, H. and Taminiau, T. H. and Toyli, D. M. and Lidar, D. A. and Awschalom, D. D. and Hanson, R. and Dobrovitski, V. V.},
  urldate = {2015-06-09},
  pages = {82--86},
  keywords = {Physics}
}

@article{Rozema_Phys.Rev.Lett._2012,
  title = {Violation of Heisenberg's Measurement-Disturbance Relationship by Weak Measurements},
  volume = {109},
  url = {http://link.aps.org/doi/10.1103/PhysRevLett.109.100404},
  doi = {10.1103/PhysRevLett.109.100404},
  number = {10},
  journaltitle = {Physical Review Letters},
  shortjournal = {Phys. Rev. Lett.},
  author = {Rozema, Lee A. and Darabi, Ardavan and Mahler, Dylan H. and Hayat, Alex and Soudagar, Yasaman and Steinberg, Aephraim M.},
  urldate = {2015-07-02},
  pages = {100404}
}

@article{Bennett_Phys.Rev.Lett._1993,
  title = {Teleporting an unknown quantum state via dual classical and Einstein-Podolsky-Rosen channels},
  volume = {70},
  url = {http://link.aps.org/doi/10.1103/PhysRevLett.70.1895},
  doi = {10.1103/PhysRevLett.70.1895},
  number = {13},
  journaltitle = {Physical Review Letters},
  shortjournal = {Phys. Rev. Lett.},
  author = {Bennett, Charles H. and Brassard, Gilles and Crépeau, Claude and Jozsa, Richard and Peres, Asher and Wootters, William K.},
  urldate = {2015-06-09},
  pages = {1895--1899}
}

@article{vanderSar__2014,
  eprinttype = {arxiv},
  eprint = {1410.6423},
  title = {Nanometre-scale probing of spin waves using single electron spins},
  url = {http://arxiv.org/abs/1410.6423},
  author = {van der Sar, Toeno and Casola, Francesco and Walsworth, Ronald and Yacoby, Amir},
  urldate = {2015-07-02},
  keywords = {Condensed Matter - Mesoscale and Nanoscale Physics}
}

@article{Patel_NatPhoton_2010,
  title = {Two-photon interference of the emission from electrically tunable remote quantum dots},
  volume = {4},
  url = {http://www.nature.com/nphoton/journal/v4/n9/abs/nphoton.2010.161.html},
  doi = {10.1038/nphoton.2010.161},
  number = {9},
  journaltitle = {Nature Photonics},
  shortjournal = {Nat Photon},
  author = {Patel, Raj B. and Bennett, Anthony J. and Farrer, Ian and Nicoll, Christine A. and Ritchie, David A. and Shields, Andrew J.},
  urldate = {2015-06-09},
  pages = {632--635}
}

@article{Waldherr_NatNano_2012,
  title = {High-dynamic-range magnetometry with a single nuclear spin in diamond},
  volume = {7},
  url = {http://www.nature.com/nnano/journal/v7/n2/abs/nnano.2011.224.html?WT.ec_id=NNANO-201202},
  doi = {10.1038/nnano.2011.224},
  number = {2},
  journaltitle = {Nature Nanotechnology},
  shortjournal = {Nat Nano},
  author = {Waldherr, G. and Beck, J. and Neumann, P. and Said, R. S. and Nitsche, M. and Markham, M. L. and Twitchen, D. J. and Twamley, J. and Jelezko, F. and Wrachtrup, J.},
  urldate = {2015-06-03},
  pages = {105--108},
  keywords = {Nanomagnetism and spintronics,Nanometrology and instrumentation,Nanosensors and other devices}
}

@article{Zhao_NatNano_2012,
  title = {Sensing single remote nuclear spins},
  volume = {7},
  url = {http://www.nature.com/nnano/journal/v7/n10/abs/nnano.2012.152.html},
  doi = {10.1038/nnano.2012.152},
  number = {10},
  journaltitle = {Nature Nanotechnology},
  shortjournal = {Nat Nano},
  author = {Zhao, Nan and Honert, Jan and Schmid, Bernhard and Klas, Michael and Isoya, Junichi and Markham, Matthew and Twitchen, Daniel and Jelezko, Fedor and Liu, Ren-Bao and Fedder, Helmut and Wrachtrup, Jörg},
  urldate = {2015-06-09},
  pages = {657--662},
  keywords = {Nanomagnetism and spintronics,Nanometrology and instrumentation,Nanosensors and other devices}
}

@article{Ovartchaiyapong_NatCommun_2014,
  title = {Dynamic strain-mediated coupling of a single diamond spin to a mechanical resonator},
  volume = {5},
  url = {http://www.nature.com/ncomms/2014/140718/ncomms5429/full/ncomms5429.html},
  doi = {10.1038/ncomms5429},
  journaltitle = {Nature Communications},
  shortjournal = {Nat Commun},
  author = {Ovartchaiyapong, Preeti and Lee, Kenneth W. and Myers, Bryan A. and Jayich, Ania C. Bleszynski},
  urldate = {2015-06-03},
  keywords = {Applied physics,Physical sciences}
}

@article{Massar_Phys.Rev.Lett._1995,
  title = {Optimal Extraction of Information from Finite Quantum Ensembles},
  volume = {74},
  url = {http://link.aps.org/doi/10.1103/PhysRevLett.74.1259},
  doi = {10.1103/PhysRevLett.74.1259},
  number = {8},
  journaltitle = {Physical Review Letters},
  shortjournal = {Phys. Rev. Lett.},
  author = {Massar, S. and Popescu, S.},
  urldate = {2015-06-09},
  pages = {1259--1263}
}

@article{Batalov_Phys.Rev.Lett._2009,
  title = {Low Temperature Studies of the Excited-State Structure of Negatively Charged Nitrogen-Vacancy Color Centers in Diamond},
  volume = {102},
  url = {http://link.aps.org/doi/10.1103/PhysRevLett.102.195506},
  doi = {10.1103/PhysRevLett.102.195506},
  number = {19},
  journaltitle = {Physical Review Letters},
  shortjournal = {Phys. Rev. Lett.},
  author = {Batalov, A. and Jacques, V. and Kaiser, F. and Siyushev, P. and Neumann, P. and Rogers, L. J. and {McMurtrie}, R. L. and Manson, N. B. and Jelezko, F. and Wrachtrup, J.},
  urldate = {2015-07-02},
  pages = {195506}
}

@article{Walther_Nature_2005,
  title = {Experimental one-way quantum computing},
  volume = {434},
  url = {http://www.nature.com/nature/journal/v434/n7030/abs/nature03347.html},
  doi = {10.1038/nature03347},
  number = {7030},
  journaltitle = {Nature},
  author = {Walther, P. and Resch, K. J. and Rudolph, T. and Schenck, E. and Weinfurter, H. and Vedral, V. and Aspelmeyer, M. and Zeilinger, A.},
  urldate = {2015-07-02},
  pages = {169--176}
}

@article{Fuchs_NatPhys_2011,
  title = {A quantum memory intrinsic to single nitrogen-vacancy centres in diamond},
  volume = {7},
  url = {http://www.nature.com/nphys/journal/v7/n10/full/nphys2026.html},
  doi = {10.1038/nphys2026},
  number = {10},
  journaltitle = {Nature Physics},
  shortjournal = {Nat Phys},
  author = {Fuchs, G. D. and Burkard, G. and Klimov, P. V. and Awschalom, D. D.},
  urldate = {2015-06-23},
  pages = {789--793}
}

@article{Reiserer_Science_2013,
  eprinttype = {pmid},
  eprint = {24231809},
  title = {Nondestructive Detection of an Optical Photon},
  volume = {342},
  url = {http://www.sciencemag.org/content/342/6164/1349},
  doi = {10.1126/science.1246164},
  number = {6164},
  journaltitle = {Science},
  author = {Reiserer, Andreas and Ritter, Stephan and Rempe, Gerhard},
  urldate = {2015-07-02},
  pages = {1349--1351}
}

@article{Pusey_NatPhys_2012,
  title = {On the reality of the quantum state},
  volume = {8},
  url = {http://www.nature.com/nphys/journal/v8/n6/full/nphys2309.html},
  doi = {10.1038/nphys2309},
  number = {6},
  journaltitle = {Nature Physics},
  shortjournal = {Nat Phys},
  author = {Pusey, Matthew F. and Barrett, Jonathan and Rudolph, Terry},
  urldate = {2015-07-02},
  pages = {475--478},
  keywords = {Quantum physics}
}

@article{Wootters_Nature_1982,
  title = {A single quantum cannot be cloned},
  volume = {299},
  url = {http://www.nature.com/nature/journal/v299/n5886/abs/299802a0.html},
  doi = {10.1038/299802a0},
  number = {5886},
  journaltitle = {Nature},
  author = {Wootters, W. K. and Zurek, W. H.},
  urldate = {2015-06-09},
  pages = {802--803}
}

@article{Riste_Nature_2013,
  title = {Deterministic entanglement of superconducting qubits by parity measurement and feedback},
  volume = {502},
  url = {http://www.nature.com/nature/journal/v502/n7471/full/nature12513.html},
  doi = {10.1038/nature12513},
  number = {7471},
  journaltitle = {Nature},
  author = {Ristè, D. and Dukalski, M. and Watson, C. A. and de Lange, G. and Tiggelman, M. J. and Blanter, Ya M. and Lehnert, K. W. and Schouten, R. N. and {DiCarlo}, L.},
  urldate = {2015-06-03},
  pages = {350--354},
  keywords = {Microwave photonics,Quantum information,Qubits,Superconducting properties and materials}
}

@article{Palacios-Laloy_NatPhys_2010,
  title = {Experimental violation of a Bell/'s inequality in time with weak measurement},
  volume = {6},
  url = {http://www.nature.com/nphys/journal/v6/n6/abs/nphys1641.html},
  doi = {10.1038/nphys1641},
  number = {6},
  journaltitle = {Nature Physics},
  shortjournal = {Nat Phys},
  author = {Palacios-Laloy, Agustin and Mallet, François and Nguyen, François and Bertet, Patrice and Vion, Denis and Esteve, Daniel and Korotkov, Alexander N.},
  urldate = {2015-07-02},
  pages = {442--447}
}

@article{Taminiau_Phys.Rev.Lett._2012,
  title = {Detection and Control of Individual Nuclear Spins Using a Weakly Coupled Electron Spin},
  volume = {109},
  url = {http://link.aps.org/doi/10.1103/PhysRevLett.109.137602},
  doi = {10.1103/PhysRevLett.109.137602},
  number = {13},
  journaltitle = {Physical Review Letters},
  shortjournal = {Phys. Rev. Lett.},
  author = {Taminiau, T. H. and Wagenaar, J. J. T. and van der Sar, T. and Jelezko, F. and Dobrovitski, V. V. and Hanson, R.},
  urldate = {2015-06-09},
  pages = {137602}
}

@article{Groen_Phys.Rev.Lett._2013,
  title = {Partial-Measurement Backaction and Nonclassical Weak Values in a Superconducting Circuit},
  volume = {111},
  url = {http://link.aps.org/doi/10.1103/PhysRevLett.111.090506},
  doi = {10.1103/PhysRevLett.111.090506},
  number = {9},
  journaltitle = {Physical Review Letters},
  shortjournal = {Phys. Rev. Lett.},
  author = {Groen, J. P. and Ristè, D. and Tornberg, L. and Cramer, J. and de Groot, P. C. and Picot, T. and Johansson, G. and {DiCarlo}, L.},
  urldate = {2015-07-02},
  pages = {090506}
}

@article{Gao_Nature_2012,
  title = {Observation of entanglement between a quantum dot spin and a single photon},
  volume = {491},
  url = {http://www.nature.com/nature/journal/v491/n7424/full/nature11573.html},
  doi = {10.1038/nature11573},
  number = {7424},
  journaltitle = {Nature},
  author = {Gao, W. B. and Fallahi, P. and Togan, E. and Miguel-Sanchez, J. and Imamoglu, A.},
  urldate = {2015-06-09},
  pages = {426--430},
  keywords = {Applied physics,Engineering,Physics}
}

@article{Widmann_NatMater_2015,
  title = {Coherent control of single spins in silicon carbide at room temperature},
  volume = {14},
  url = {http://www.nature.com/nmat/journal/v14/n2/abs/nmat4145.html},
  doi = {10.1038/nmat4145},
  number = {2},
  journaltitle = {Nature Materials},
  shortjournal = {Nat Mater},
  author = {Widmann, Matthias and Lee, Sang-Yun and Rendler, Torsten and Son, Nguyen Tien and Fedder, Helmut and Paik, Seoyoung and Yang, Li-Ping and Zhao, Nan and Yang, Sen and Booker, Ian and Denisenko, Andrej and Jamali, Mohammad and Momenzadeh, S. Ali and Gerhardt, Ilja and Ohshima, Takeshi and Gali, Adam and Janzén, Erik and Wrachtrup, Jörg},
  urldate = {2015-07-02},
  pages = {164--168}
}

@article{Childress__2013,
  title = {Diamond {NV} centers for quantum computing and quantum networks},
  volume = {38},
  url = {http://journals.cambridge.org/article_S0883769413000201},
  doi = {10.1557/mrs.2013.20},
  number = {02},
  journaltitle = {{MRS} Bulletin},
  shortjournal = {{MRS} Bull.},
  author = {Childress, Lilian and Hanson, Ronald},
  urldate = {2015-06-23},
  pages = {134--138}
}

@article{Jiang_Science_2009,
  eprinttype = {pmid},
  eprint = {19745117},
  title = {Repetitive Readout of a Single Electronic Spin via Quantum Logic with Nuclear Spin Ancillae},
  volume = {326},
  url = {http://www.sciencemag.org/content/326/5950/267},
  doi = {10.1126/science.1176496},
  number = {5950},
  journaltitle = {Science},
  author = {Jiang, L. and Hodges, J. S. and Maze, J. R. and Maurer, P. and Taylor, J. M. and Cory, D. G. and Hemmer, P. R. and Walsworth, R. L. and Yacoby, A. and Zibrov, A. S. and Lukin, M. D.},
  urldate = {2015-07-02},
  pages = {267--272}
}

@article{Kocsis_Science_2011,
  eprinttype = {pmid},
  eprint = {21636767},
  title = {Observing the Average Trajectories of Single Photons in a Two-Slit Interferometer},
  volume = {332},
  url = {http://www.sciencemag.org/content/332/6034/1170},
  doi = {10.1126/science.1202218},
  number = {6034},
  journaltitle = {Science},
  author = {Kocsis, Sacha and Braverman, Boris and Ravets, Sylvain and Stevens, Martin J. and Mirin, Richard P. and Shalm, L. Krister and Steinberg, Aephraim M.},
  urldate = {2015-07-02},
  pages = {1170--1173}
}

@article{Eichler_Phys.Rev.Lett._2012,
  title = {Observation of Entanglement between Itinerant Microwave Photons and a Superconducting Qubit},
  volume = {109},
  url = {http://link.aps.org/doi/10.1103/PhysRevLett.109.240501},
  doi = {10.1103/PhysRevLett.109.240501},
  number = {24},
  journaltitle = {Physical Review Letters},
  shortjournal = {Phys. Rev. Lett.},
  author = {Eichler, C. and Lang, C. and Fink, J. M. and Govenius, J. and Filipp, S. and Wallraff, A.},
  urldate = {2015-07-02},
  pages = {240501}
}

@article{Fuchs_Science_2009,
  eprinttype = {pmid},
  eprint = {19965386},
  title = {Gigahertz Dynamics of a Strongly Driven Single Quantum Spin},
  volume = {326},
  url = {http://www.sciencemag.org/content/326/5959/1520},
  doi = {10.1126/science.1181193},
  number = {5959},
  journaltitle = {Science},
  author = {Fuchs, G. D. and Dobrovitski, V. V. and Toyli, D. M. and Heremans, F. J. and Awschalom, D. D.},
  urldate = {2015-06-09},
  pages = {1520--1522}
}

@article{Cappellaro_Phys.Rev.A_2012a,
  title = {Environment-assisted metrology with spin qubits},
  volume = {85},
  url = {http://link.aps.org/doi/10.1103/PhysRevA.85.032336},
  doi = {10.1103/PhysRevA.85.032336},
  number = {3},
  journaltitle = {Physical Review A},
  shortjournal = {Phys. Rev. A},
  author = {Cappellaro, P. and Goldstein, G. and Hodges, J. S. and Jiang, L. and Maze, J. R. and Sørensen, A. S. and Lukin, M. D.},
  urldate = {2015-07-02},
  pages = {032336}
}

@article{Lundeen_Nature_2011,
  title = {Direct measurement of the quantum wavefunction},
  volume = {474},
  url = {http://www.nature.com/nature/journal/v474/n7350/full/nature10120.html},
  doi = {10.1038/nature10120},
  number = {7350},
  journaltitle = {Nature},
  author = {Lundeen, Jeff S. and Sutherland, Brandon and Patel, Aabid and Stewart, Corey and Bamber, Charles},
  urldate = {2015-07-02},
  pages = {188--191},
  keywords = {Chemistry,Physics}
}

@article{Said_Phys.Rev.B_2011,
  title = {Nanoscale magnetometry using a single-spin system in diamond},
  volume = {83},
  url = {http://link.aps.org/doi/10.1103/PhysRevB.83.125410},
  doi = {10.1103/PhysRevB.83.125410},
  number = {12},
  journaltitle = {Physical Review B},
  shortjournal = {Phys. Rev. B},
  author = {Said, R. S. and Berry, D. W. and Twamley, J.},
  urldate = {2015-06-03},
  pages = {125410}
}

@article{Pfaff_Science_2014,
  eprinttype = {pmid},
  eprint = {25082696},
  title = {Unconditional quantum teleportation between distant solid-state quantum bits},
  volume = {345},
  url = {http://www.sciencemag.org/content/345/6196/532},
  doi = {10.1126/science.1253512},
  number = {6196},
  journaltitle = {Science},
  author = {Pfaff, W. and Hensen, B. J. and Bernien, H. and Dam, S. B. van and Blok, M. S. and Taminiau, T. H. and Tiggelman, M. J. and Schouten, R. N. and Markham, M. and Twitchen, D. J. and Hanson, R.},
  urldate = {2015-06-23},
  pages = {532--535}
}

@article{Kelly_Nature_2015,
  title = {State preservation by repetitive error detection in a superconducting quantum circuit},
  volume = {519},
  url = {http://www.nature.com/nature/journal/v519/n7541/full/nature14270.html},
  doi = {10.1038/nature14270},
  number = {7541},
  journaltitle = {Nature},
  author = {Kelly, J. and Barends, R. and Fowler, A. G. and Megrant, A. and Jeffrey, E. and White, T. C. and Sank, D. and Mutus, J. Y. and Campbell, B. and Chen, Yu and Chen, Z. and Chiaro, B. and Dunsworth, A. and Hoi, I.-C. and Neill, C. and O’Malley, P. J. J. and Quintana, C. and Roushan, P. and Vainsencher, A. and Wenner, J. and Cleland, A. N. and Martinis, John M.},
  urldate = {2015-07-02},
  pages = {66--69},
  keywords = {Quantum information,Quantum mechanics,Quantum metrology,Qubits}
}

@article{Wang__2014,
  eprinttype = {arxiv},
  eprint = {1405.2696},
  title = {Quantum Simulation of Helium Hydride in a Solid-State Spin Register},
  url = {http://arxiv.org/abs/1405.2696},
  author = {Wang, Ya and Dolde, Florian and Biamonte, Jacob and Babbush, Ryan and Bergholm, Ville and Yang, Sen and Jakobi, Ingmar and Neumann, Philipp and Aspuru-Guzik, Alán and Whitfield, James D. and Wrachtrup, Jörg},
  urldate = {2015-07-02},
  keywords = {Quantum physics}
}

@article{Bernien_Nature_2013,
  title = {Heralded entanglement between solid-state qubits separated by three metres},
  volume = {497},
  url = {http://www.nature.com/nature/journal/v497/n7447/full/nature12016.html},
  doi = {10.1038/nature12016},
  number = {7447},
  journaltitle = {Nature},
  author = {Bernien, H. and Hensen, B. and Pfaff, W. and Koolstra, G. and Blok, M. S. and Robledo, L. and Taminiau, T. H. and Markham, M. and Twitchen, D. J. and Childress, L. and Hanson, R.},
  urldate = {2015-06-09},
  pages = {86--90},
  keywords = {Quantum information,Quantum mechanics,Quantum optics}
}

@article{Kimble_Nature_2008,
  title = {The quantum internet},
  volume = {453},
  url = {http://www.nature.com/nature/journal/v453/n7198/abs/nature07127.html},
  doi = {10.1038/nature07127},
  number = {7198},
  journaltitle = {Nature},
  author = {Kimble, H. J.},
  urldate = {2015-06-09},
  pages = {1023--1030}
}

@article{Yale_PNAS_2013,
  eprinttype = {pmid},
  eprint = {23610403},
  title = {All-optical control of a solid-state spin using coherent dark states},
  volume = {110},
  url = {http://www.pnas.org/content/110/19/7595},
  doi = {10.1073/pnas.1305920110},
  number = {19},
  journaltitle = {Proceedings of the National Academy of Sciences},
  shortjournal = {{PNAS}},
  author = {Yale, Christopher G. and Buckley, Bob B. and Christle, David J. and Burkard, Guido and Heremans, F. Joseph and Bassett, Lee C. and Awschalom, David D.},
  urldate = {2015-07-02},
  pages = {7595--7600},
  keywords = {quantum control,Quantum optics,semiconductor defects,spintronics}
}

@article{Bulu__2011,
  title = {Plasmonic resonators for enhanced diamond {NV}- center single photon sources},
  volume = {19},
  url = {https://www.osapublishing.org/oe/abstract.cfm?uri=oe-19-6-5268},
  doi = {10.1364/OE.19.005268},
  number = {6},
  journaltitle = {Optics Express},
  shortjournal = {Opt. Express},
  author = {Bulu, Irfan and Babinec, Thomas and Hausmann, Birgit and Choy, Jennifer T. and Loncar, Marko},
  urldate = {2015-07-02},
  pages = {5268}
}

@article{Doherty_PhysicsReports_2013,
  title = {The nitrogen-vacancy colour centre in diamond},
  volume = {528},
  url = {http://www.sciencedirect.com/science/article/pii/S0370157313000562},
  doi = {10.1016/j.physrep.2013.02.001},
  number = {1},
  journaltitle = {Physics Reports},
  shortjournal = {Physics Reports},
  series = {The nitrogen-vacancy colour centre in diamond},
  author = {Doherty, Marcus W. and Manson, Neil B. and Delaney, Paul and Jelezko, Fedor and Wrachtrup, Jörg and Hollenberg, Lloyd C. L.},
  urldate = {2015-06-23},
  pages = {1--45},
  keywords = {Colour centre,Diamond,Nitrogen-vacancy}
}

@article{Shulman_NatCommun_2014a,
  title = {Suppressing qubit dephasing using real-time Hamiltonian estimation},
  volume = {5},
  url = {http://www.nature.com/ncomms/2014/141008/ncomms6156/full/ncomms6156.html},
  doi = {10.1038/ncomms6156},
  journaltitle = {Nature Communications},
  shortjournal = {Nat Commun},
  author = {Shulman, M. D. and Harvey, S. P. and Nichol, J. M. and Bartlett, S. D. and Doherty, A. C. and Umansky, V. and Yacoby, A.},
  urldate = {2015-07-02},
  keywords = {Applied physics,Physical sciences,Theoretical physics}
}

@article{Berry_Phys.Rev.A_2009,
  title = {How to perform the most accurate possible phase measurements},
  volume = {80},
  url = {http://link.aps.org/doi/10.1103/PhysRevA.80.052114},
  doi = {10.1103/PhysRevA.80.052114},
  number = {5},
  journaltitle = {Physical Review A},
  shortjournal = {Phys. Rev. A},
  author = {Berry, D. W. and Higgins, B. L. and Bartlett, S. D. and Mitchell, M. W. and Pryde, G. J. and Wiseman, H. M.},
  urldate = {2015-07-02},
  pages = {052114}
}

@article{Duan_Nature_2001,
  title = {Long-distance quantum communication with atomic ensembles and linear optics},
  volume = {414},
  url = {http://www.nature.com/nature/journal/v414/n6862/abs/414413a0.html},
  doi = {10.1038/35106500},
  number = {6862},
  journaltitle = {Nature},
  author = {Duan, L.-M. and Lukin, M. D. and Cirac, J. I. and Zoller, P.},
  urldate = {2015-06-09},
  pages = {413--418}
}

@article{Mamin_Science_2013,
  eprinttype = {pmid},
  eprint = {23372008},
  title = {Nanoscale Nuclear Magnetic Resonance with a Nitrogen-Vacancy Spin Sensor},
  volume = {339},
  url = {http://www.sciencemag.org/content/339/6119/557},
  doi = {10.1126/science.1231540},
  number = {6119},
  journaltitle = {Science},
  author = {Mamin, H. J. and Kim, M. and Sherwood, M. H. and Rettner, C. T. and Ohno, K. and Awschalom, D. D. and Rugar, D.},
  urldate = {2015-06-03},
  pages = {557--560}
}

@article{Shields_Phys.Rev.Lett._2015,
  title = {Efficient Readout of a Single Spin State in Diamond via Spin-to-Charge Conversion},
  volume = {114},
  url = {http://link.aps.org/doi/10.1103/PhysRevLett.114.136402},
  doi = {10.1103/PhysRevLett.114.136402},
  number = {13},
  journaltitle = {Physical Review Letters},
  shortjournal = {Phys. Rev. Lett.},
  author = {Shields, B. J. and Unterreithmeier, Q. P. and de Leon, N. P. and Park, H. and Lukin, M. D.},
  urldate = {2015-07-02},
  pages = {136402}
}

@article{Guerlin_Nature_2007,
  title = {Progressive field-state collapse and quantum non-demolition photon counting},
  volume = {448},
  url = {http://www.nature.com/nature/journal/v448/n7156/full/nature06057.html},
  doi = {10.1038/nature06057},
  number = {7156},
  journaltitle = {Nature},
  author = {Guerlin, Christine and Bernu, Julien and Deléglise, Samuel and Sayrin, Clément and Gleyzes, Sébastien and Kuhr, Stefan and Brune, Michel and Raimond, Jean-Michel and Haroche, Serge},
  urldate = {2015-07-02},
  pages = {889--893}
}

@article{Taminiau_NatNano_2014,
  title = {Universal control and error correction in multi-qubit spin registers in diamond},
  volume = {9},
  url = {http://www.nature.com/nnano/journal/v9/n3/abs/nnano.2014.2.html},
  doi = {10.1038/nnano.2014.2},
  number = {3},
  journaltitle = {Nature Nanotechnology},
  shortjournal = {Nat Nano},
  author = {Taminiau, T. H. and Cramer, J. and Sar, T. van der and Dobrovitski, V. V. and Hanson, R.},
  urldate = {2015-06-09},
  pages = {171--176}
}

@article{Takeda_Nature_2013,
  title = {Deterministic quantum teleportation of photonic quantum bits by a hybrid technique},
  volume = {500},
  url = {http://www.nature.com/nature/journal/v500/n7462/abs/nature12366.html},
  doi = {10.1038/nature12366},
  number = {7462},
  journaltitle = {Nature},
  author = {Takeda, Shuntaro and Mizuta, Takahiro and Fuwa, Maria and van Loock, Peter and Furusawa, Akira},
  urldate = {2015-06-09},
  pages = {315--318},
  keywords = {Quantum information,Quantum optics,Qubits}
}

@article{Briegel_Phys.Rev.Lett._1998,
  title = {Quantum Repeaters: The Role of Imperfect Local Operations in Quantum Communication},
  volume = {81},
  url = {http://link.aps.org/doi/10.1103/PhysRevLett.81.5932},
  doi = {10.1103/PhysRevLett.81.5932},
  shorttitle = {Quantum Repeaters},
  number = {26},
  journaltitle = {Physical Review Letters},
  shortjournal = {Phys. Rev. Lett.},
  author = {Briegel, H.-J. and Dür, W. and Cirac, J. I. and Zoller, P.},
  urldate = {2015-06-09},
  pages = {5932--5935}
}

@article{Prevedel_Nature_2007,
  title = {High-speed linear optics quantum computing using active feed-forward},
  volume = {445},
  url = {http://www.nature.com/nature/journal/v445/n7123/full/nature05346.html},
  doi = {10.1038/nature05346},
  number = {7123},
  journaltitle = {Nature},
  author = {Prevedel, Robert and Walther, Philip and Tiefenbacher, Felix and Böhi, Pascal and Kaltenbaek, Rainer and Jennewein, Thomas and Zeilinger, Anton},
  urldate = {2015-07-02},
  pages = {65--69}
}

@article{Cappellaro_Phys.Rev.A_2012,
  title = {Spin-bath narrowing with adaptive parameter estimation},
  volume = {85},
  url = {http://link.aps.org/doi/10.1103/PhysRevA.85.030301},
  doi = {10.1103/PhysRevA.85.030301},
  number = {3},
  journaltitle = {Physical Review A},
  shortjournal = {Phys. Rev. A},
  author = {Cappellaro, Paola},
  urldate = {2015-06-03},
  pages = {030301}
}

@article{Kaufmann_PNAS_2013,
  eprinttype = {pmid},
  eprint = {23776230},
  title = {Detection of atomic spin labels in a lipid bilayer using a single-spin nanodiamond probe},
  volume = {110},
  url = {http://www.pnas.org/content/110/27/10894},
  doi = {10.1073/pnas.1300640110},
  number = {27},
  journaltitle = {Proceedings of the National Academy of Sciences},
  shortjournal = {{PNAS}},
  author = {Kaufmann, Stefan and Simpson, David A. and Hall, Liam T. and Perunicic, Viktor and Senn, Philipp and Steinert, Steffen and {McGuinness}, Liam P. and Johnson, Brett C. and Ohshima, Takeshi and Caruso, Frank and Wrachtrup, Jörg and Scholten, Robert E. and Mulvaney, Paul and Hollenberg, Lloyd},
  urldate = {2015-06-03},
  pages = {10894--10898},
  keywords = {biophysics,nanomagnetometry,nitrogen-vacancy center}
}

@article{Dutt_Science_2007,
  eprinttype = {pmid},
  eprint = {17540898},
  title = {Quantum Register Based on Individual Electronic and Nuclear Spin Qubits in Diamond},
  volume = {316},
  url = {http://www.sciencemag.org/content/316/5829/1312},
  doi = {10.1126/science.1139831},
  number = {5829},
  journaltitle = {Science},
  author = {Dutt, M. V. Gurudev and Childress, L. and Jiang, L. and Togan, E. and Maze, J. and Jelezko, F. and Zibrov, A. S. and Hemmer, P. R. and Lukin, M. D.},
  urldate = {2015-06-23},
  pages = {1312--1316}
}

@article{Mallet_NatPhys_2009,
  title = {Single-shot qubit readout in circuit quantum electrodynamics},
  volume = {5},
  url = {http://www.nature.com/nphys/journal/v5/n11/abs/nphys1400.html},
  doi = {10.1038/nphys1400},
  number = {11},
  journaltitle = {Nature Physics},
  shortjournal = {Nat Phys},
  author = {Mallet, François and Ong, Florian R. and Palacios-Laloy, Agustin and Nguyen, François and Bertet, Patrice and Vion, Denis and Esteve, Daniel},
  urldate = {2015-07-02},
  pages = {791--795}
}

@article{Brun_Phys.Rev.A_2008,
  title = {Test of weak measurement on a two- or three-qubit computer},
  volume = {77},
  url = {http://link.aps.org/doi/10.1103/PhysRevA.77.032101},
  doi = {10.1103/PhysRevA.77.032101},
  number = {3},
  journaltitle = {Physical Review A},
  shortjournal = {Phys. Rev. A},
  author = {Brun, Todd A. and Diósi, Lajos and Strunz, Walter T.},
  urldate = {2015-07-02},
  pages = {032101}
}

@article{Kolkowitz_Science_2015,
  eprinttype = {pmid},
  eprint = {25636797},
  title = {Probing Johnson noise and ballistic transport in normal metals with a single-spin qubit},
  volume = {347},
  url = {http://www.sciencemag.org/content/347/6226/1129},
  doi = {10.1126/science.aaa4298},
  number = {6226},
  journaltitle = {Science},
  author = {Kolkowitz, S. and Safira, A. and High, A. A. and Devlin, R. C. and Choi, S. and Unterreithmeier, Q. P. and Patterson, D. and Zibrov, A. S. and Manucharyan, V. E. and Park, H. and Lukin, M. D.},
  urldate = {2015-06-03},
  pages = {1129--1132}
}

@article{Mariantoni_Science_2011,
  eprinttype = {pmid},
  eprint = {21885732},
  title = {Implementing the Quantum von Neumann Architecture with Superconducting Circuits},
  volume = {334},
  url = {http://www.sciencemag.org/content/334/6052/61},
  doi = {10.1126/science.1208517},
  number = {6052},
  journaltitle = {Science},
  author = {Mariantoni, Matteo and Wang, H. and Yamamoto, T. and Neeley, M. and Bialczak, Radoslaw C. and Chen, Y. and Lenander, M. and Lucero, Erik and O’Connell, A. D. and Sank, D. and Weides, M. and Wenner, J. and Yin, Y. and Zhao, J. and Korotkov, A. N. and Cleland, A. N. and Martinis, John M.},
  urldate = {2015-07-02},
  pages = {61--65}
}

@article{Fuchs__2014,
  title = {An introduction to {QBism} with an application to the locality of quantum mechanics},
  volume = {82},
  url = {http://scitation.aip.org/content/aapt/journal/ajp/82/8/10.1119/1.4874855},
  doi = {10.1119/1.4874855},
  number = {8},
  journaltitle = {American Journal of Physics},
  shortjournal = {Am. J. Phys.},
  author = {Fuchs, Christopher A. and Mermin, N. David and Schack, Rüdiger},
  urldate = {2015-07-02},
  pages = {749--754},
  keywords = {Electron paramagnetic resonance spectroscopy,Inequalities,Manifolds,Physicists,Quantum measurement theory}
}

@article{Gaebel_NatPhys_2006,
  title = {Room-temperature coherent coupling of single spins in diamond},
  volume = {2},
  url = {http://www.nature.com/nphys/journal/v2/n6/abs/nphys318.html},
  doi = {10.1038/nphys318},
  number = {6},
  journaltitle = {Nature Physics},
  shortjournal = {Nat Phys},
  author = {Gaebel, Torsten and Domhan, Michael and Popa, Iulian and Wittmann, Christoffer and Neumann, Philipp and Jelezko, Fedor and Rabeau, James R. and Stavrias, Nikolas and Greentree, Andrew D. and Prawer, Steven and Meijer, Jan and Twamley, Jason and Hemmer, Philip R. and Wrachtrup, Jörg},
  urldate = {2015-06-23},
  pages = {408--413}
}

@article{Hayes_Phys.Rev.A_2014,
  title = {Swarm optimization for adaptive phase measurements with low visibility},
  volume = {89},
  url = {http://link.aps.org/doi/10.1103/PhysRevA.89.013838},
  doi = {10.1103/PhysRevA.89.013838},
  number = {1},
  journaltitle = {Physical Review A},
  shortjournal = {Phys. Rev. A},
  author = {Hayes, Alexander J. F. and Berry, Dominic W.},
  urldate = {2015-06-03},
  pages = {013838}
}

@article{Furusawa_Science_1998,
  eprinttype = {pmid},
  eprint = {9784123},
  title = {Unconditional Quantum Teleportation},
  volume = {282},
  url = {http://www.sciencemag.org/content/282/5389/706},
  doi = {10.1126/science.282.5389.706},
  number = {5389},
  journaltitle = {Science},
  author = {Furusawa, A. and Sørensen, J. L. and Braunstein, S. L. and Fuchs, C. A. and Kimble, H. J. and Polzik, E. S.},
  urldate = {2015-06-09},
  pages = {706--709}
}

@article{Maletinsky_NatNano_2012,
  title = {A robust scanning diamond sensor for nanoscale imaging with single nitrogen-vacancy centres},
  volume = {7},
  url = {http://www.nature.com/nnano/journal/v7/n5/full/nnano.2012.50.html},
  doi = {10.1038/nnano.2012.50},
  number = {5},
  journaltitle = {Nature Nanotechnology},
  shortjournal = {Nat Nano},
  author = {Maletinsky, P. and Hong, S. and Grinolds, M. S. and Hausmann, B. and Lukin, M. D. and Walsworth, R. L. and Loncar, M. and Yacoby, A.},
  urldate = {2015-06-03},
  pages = {320--324},
  keywords = {Nanomagnetism and spintronics,Nanometrology and instrumentation,Nanosensors and other devices,Photonic structures and devices,Synthesis and processing}
}

@article{Balasubramanian_NatMater_2009,
  title = {Ultralong spin coherence time in isotopically engineered diamond},
  volume = {8},
  url = {http://www.nature.com/nmat/journal/v8/n5/abs/nmat2420.html},
  doi = {10.1038/nmat2420},
  number = {5},
  journaltitle = {Nature Materials},
  shortjournal = {Nat Mater},
  author = {Balasubramanian, Gopalakrishnan and Neumann, Philipp and Twitchen, Daniel and Markham, Matthew and Kolesov, Roman and Mizuochi, Norikazu and Isoya, Junichi and Achard, Jocelyn and Beck, Johannes and Tissler, Julia and Jacques, Vincent and Hemmer, Philip R. and Jelezko, Fedor and Wrachtrup, Jörg},
  urldate = {2015-06-03},
  pages = {383--387}
}

@article{Fu_Phys.Rev.Lett._2009,
  title = {Observation of the Dynamic Jahn-Teller Effect in the Excited States of Nitrogen-Vacancy Centers in Diamond},
  volume = {103},
  url = {http://link.aps.org/doi/10.1103/PhysRevLett.103.256404},
  doi = {10.1103/PhysRevLett.103.256404},
  number = {25},
  journaltitle = {Physical Review Letters},
  shortjournal = {Phys. Rev. Lett.},
  author = {Fu, Kai-Mei C. and Santori, Charles and Barclay, Paul E. and Rogers, Lachlan J. and Manson, Neil B. and Beausoleil, Raymond G.},
  urldate = {2015-06-09},
  pages = {256404}
}

@article{Goldman_Phys.Rev.Lett._2015,
  title = {Phonon-Induced Population Dynamics and Intersystem Crossing in Nitrogen-Vacancy Centers},
  volume = {114},
  url = {http://link.aps.org/doi/10.1103/PhysRevLett.114.145502},
  doi = {10.1103/PhysRevLett.114.145502},
  number = {14},
  journaltitle = {Physical Review Letters},
  shortjournal = {Phys. Rev. Lett.},
  author = {Goldman, M. L. and Sipahigil, A. and Doherty, M. W. and Yao, N. Y. and Bennett, S. D. and Markham, M. and Twitchen, D. J. and Manson, N. B. and Kubanek, A. and Lukin, M. D.},
  urldate = {2015-07-02},
  pages = {145502}
}

@article{Zhong_NatCommun_2014,
  title = {Reducing the impact of intrinsic dissipation in a superconducting circuit by quantum error detection},
  volume = {5},
  url = {http://www.nature.com/ncomms/2014/140124/ncomms4135/full/ncomms4135.html},
  doi = {10.1038/ncomms4135},
  journaltitle = {Nature Communications},
  shortjournal = {Nat Commun},
  author = {Zhong, Y. P. and Wang, Z. L. and Martinis, J. M. and Cleland, A. N. and Korotkov, A. N. and Wang, H.},
  urldate = {2015-07-02},
  keywords = {Applied physics,Optical physics,Physical sciences}
}

@article{Childress_Phys.Rev.Lett._2006,
  title = {Fault-Tolerant Quantum Communication Based on Solid-State Photon Emitters},
  volume = {96},
  url = {http://link.aps.org/doi/10.1103/PhysRevLett.96.070504},
  doi = {10.1103/PhysRevLett.96.070504},
  number = {7},
  journaltitle = {Physical Review Letters},
  shortjournal = {Phys. Rev. Lett.},
  author = {Childress, L. and Taylor, J. M. and Sørensen, A. S. and Lukin, M. D.},
  urldate = {2015-06-09},
  pages = {070504}
}

@article{Hentschel_Phys.Rev.Lett._2010,
  title = {Machine Learning for Precise Quantum Measurement},
  volume = {104},
  url = {http://link.aps.org/doi/10.1103/PhysRevLett.104.063603},
  doi = {10.1103/PhysRevLett.104.063603},
  number = {6},
  journaltitle = {Physical Review Letters},
  shortjournal = {Phys. Rev. Lett.},
  author = {Hentschel, Alexander and Sanders, Barry C.},
  urldate = {2015-06-03},
  pages = {063603}
}

@article{DiCarlo_Nature_2009,
  title = {Demonstration of two-qubit algorithms with a superconducting quantum processor},
  volume = {460},
  url = {http://www.nature.com/nature/journal/v460/n7252/full/nature08121.html},
  doi = {10.1038/nature08121},
  number = {7252},
  journaltitle = {Nature},
  author = {{DiCarlo}, L. and Chow, J. M. and Gambetta, J. M. and Bishop, Lev S. and Johnson, B. R. and Schuster, D. I. and Majer, J. and Blais, A. and Frunzio, L. and Girvin, S. M. and Schoelkopf, R. J.},
  urldate = {2015-07-02},
  pages = {240--244}
}

@article{Xia__2015,
  eprinttype = {arxiv},
  eprint = {1505.01673},
  title = {All-optical preparation of coherent dark states of a single rare earth ion spin in a crystal},
  url = {http://arxiv.org/abs/1505.01673},
  author = {Xia, Kangwei and Kolesov, Roman and Wang, Ya and Siyushev, Petr and Reuter, Rolf and Kornher, Thomas and Kukharchyk, Nadezhda and Wieck, Andreas D. and Villa, Bruno and Yang, Sen and Wrachtrup, Jörg},
  urldate = {2015-07-02},
  keywords = {Condensed Matter - Materials Science,Physics - Optics,Quantum physics}
}

@article{McConnell_Nature_2015,
  title = {Entanglement with negative Wigner function of almost 3,000 atoms heralded by one photon},
  volume = {519},
  url = {http://www.nature.com/nature/journal/v519/n7544/full/nature14293.html},
  doi = {10.1038/nature14293},
  number = {7544},
  journaltitle = {Nature},
  author = {{McConnell}, Robert and Zhang, Hao and Hu, Jiazhong and Ćuk, Senka and Vuletić, Vladan},
  urldate = {2015-07-02},
  pages = {439--442},
  keywords = {Atomic and molecular physics,Quantum mechanics,Single photons and quantum effects}
}

@article{Krauter_NatPhys_2013,
  title = {Deterministic quantum teleportation between distant atomic objects},
  volume = {9},
  url = {http://www.nature.com/nphys/journal/v9/n7/full/nphys2631.html},
  doi = {10.1038/nphys2631},
  number = {7},
  journaltitle = {Nature Physics},
  shortjournal = {Nat Phys},
  author = {Krauter, H. and Salart, D. and Muschik, C. A. and Petersen, J. M. and Shen, Heng and Fernholz, T. and Polzik, E. S.},
  urldate = {2015-06-09},
  pages = {400--404}
}

@article{Raussendorf_Phys.Rev.Lett._2001,
  title = {A One-Way Quantum Computer},
  volume = {86},
  url = {http://link.aps.org/doi/10.1103/PhysRevLett.86.5188},
  doi = {10.1103/PhysRevLett.86.5188},
  number = {22},
  journaltitle = {Physical Review Letters},
  shortjournal = {Phys. Rev. Lett.},
  author = {Raussendorf, Robert and Briegel, Hans J.},
  urldate = {2015-06-09},
  pages = {5188--5191}
}

@article{Tyryshkin_NatMater_2012,
  title = {Electron spin coherence exceeding seconds in high-purity silicon},
  volume = {11},
  url = {http://www.nature.com/nmat/journal/v11/n2/full/nmat3182.html},
  doi = {10.1038/nmat3182},
  number = {2},
  journaltitle = {Nature Materials},
  shortjournal = {Nat Mater},
  author = {Tyryshkin, Alexei M. and Tojo, Shinichi and Morton, John J. L. and Riemann, Helge and Abrosimov, Nikolai V. and Becker, Peter and Pohl, Hans-Joachim and Schenkel, Thomas and Thewalt, Michael L. W. and Itoh, Kohei M. and Lyon, S. A.},
  urldate = {2015-07-02},
  pages = {143--147},
  keywords = {Optical,photonic and optoelectronic materials,Semiconductors}
}

@article{Wolf__2014,
  eprinttype = {arxiv},
  eprint = {1411.6553},
  title = {A subpicotesla diamond magnetometer},
  url = {http://arxiv.org/abs/1411.6553},
  author = {Wolf, Thomas and Neumann, Philipp and Nakamura, Kazuo and Sumiya, Hitoshi and Isoya, Junichi and Wrachtrup, Jörg},
  urldate = {2015-07-02},
  keywords = {Condensed Matter - Mesoscale and Nanoscale Physics,Quantum physics}
}

@article{Acosta_Phys.Rev.Lett._2010,
  title = {Temperature Dependence of the Nitrogen-Vacancy Magnetic Resonance in Diamond},
  volume = {104},
  url = {http://link.aps.org/doi/10.1103/PhysRevLett.104.070801},
  doi = {10.1103/PhysRevLett.104.070801},
  number = {7},
  journaltitle = {Physical Review Letters},
  shortjournal = {Phys. Rev. Lett.},
  author = {Acosta, V. M. and Bauch, E. and Ledbetter, M. P. and Waxman, A. and Bouchard, L.-S. and Budker, D.},
  urldate = {2015-06-03},
  pages = {070801}
}

@article{deLange_Sci.Rep._2012,
  title = {Controlling the quantum dynamics of a mesoscopic spin bath in diamond},
  volume = {2},
  url = {http://www.nature.com/srep/2012/120425/srep00382/full/srep00382.html},
  doi = {10.1038/srep00382},
  journaltitle = {Scientific Reports},
  shortjournal = {Sci. Rep.},
  author = {de Lange, Gijs and van der Sar, Toeno and Blok, Machiel and Wang, Zhi-Hui and Dobrovitski, Viatcheslav and Hanson, Ronald},
  urldate = {2015-07-02},
  keywords = {Atomic and molecular physics,Magnetic properties and materials,Quantum physics}
}

@article{Goldman_Phys.Rev.B_2015,
  title = {State-selective intersystem crossing in nitrogen-vacancy centers},
  volume = {91},
  url = {http://link.aps.org/doi/10.1103/PhysRevB.91.165201},
  doi = {10.1103/PhysRevB.91.165201},
  number = {16},
  journaltitle = {Physical Review B},
  shortjournal = {Phys. Rev. B},
  author = {Goldman, M. L. and Doherty, M. W. and Sipahigil, A. and Yao, N. Y. and Bennett, S. D. and Manson, N. B. and Kubanek, A. and Lukin, M. D.},
  urldate = {2015-07-02},
  pages = {165201}
}

@article{Jiang_Phys.Rev.Lett._2008,
  title = {Coherence of an Optically Illuminated Single Nuclear Spin Qubit},
  volume = {100},
  url = {http://link.aps.org/doi/10.1103/PhysRevLett.100.073001},
  doi = {10.1103/PhysRevLett.100.073001},
  number = {7},
  journaltitle = {Physical Review Letters},
  shortjournal = {Phys. Rev. Lett.},
  author = {Jiang, L. and Dutt, M. V. Gurudev and Togan, E. and Childress, L. and Cappellaro, P. and Taylor, J. M. and Lukin, M. D.},
  urldate = {2015-06-09},
  pages = {073001}
}

@article{Sun_Nature_2014,
  title = {Tracking photon jumps with repeated quantum non-demolition parity measurements},
  volume = {511},
  url = {http://www.nature.com/nature/journal/v511/n7510/abs/nature13436.html},
  doi = {10.1038/nature13436},
  number = {7510},
  journaltitle = {Nature},
  author = {Sun, L. and Petrenko, A. and Leghtas, Z. and Vlastakis, B. and Kirchmair, G. and Sliwa, K. M. and Narla, A. and Hatridge, M. and Shankar, S. and Blumoff, J. and Frunzio, L. and Mirrahimi, M. and Devoret, M. H. and Schoelkopf, R. J.},
  urldate = {2015-07-02},
  pages = {444--448},
  keywords = {Quantum information,Quantum optics,Qubits}
}

@article{Rogers_Phys.Rev.Lett._2014,
  title = {All-Optical Initialization, Readout, and Coherent Preparation of Single Silicon-Vacancy Spins in Diamond},
  volume = {113},
  url = {http://link.aps.org/doi/10.1103/PhysRevLett.113.263602},
  doi = {10.1103/PhysRevLett.113.263602},
  number = {26},
  journaltitle = {Physical Review Letters},
  shortjournal = {Phys. Rev. Lett.},
  author = {Rogers, Lachlan J. and Jahnke, Kay D. and Metsch, Mathias H. and Sipahigil, Alp and Binder, Jan M. and Teraji, Tokuyuki and Sumiya, Hitoshi and Isoya, Junichi and Lukin, Mikhail D. and Hemmer, Philip and Jelezko, Fedor},
  urldate = {2015-07-02},
  pages = {263602}
}

@article{Hanson_Phys.Rev.Lett._2006,
  title = {Polarization and Readout of Coupled Single Spins in Diamond},
  volume = {97},
  url = {http://link.aps.org/doi/10.1103/PhysRevLett.97.087601},
  doi = {10.1103/PhysRevLett.97.087601},
  number = {8},
  journaltitle = {Physical Review Letters},
  shortjournal = {Phys. Rev. Lett.},
  author = {Hanson, R. and Mendoza, F. M. and Epstein, R. J. and Awschalom, D. D.},
  urldate = {2015-06-23},
  pages = {087601}
}

@article{Steffen_Nature_2013,
  title = {Deterministic quantum teleportation with feed-forward in a solid state system},
  volume = {500},
  url = {http://www.nature.com/nature/journal/v500/n7462/full/nature12422.html},
  doi = {10.1038/nature12422},
  number = {7462},
  journaltitle = {Nature},
  author = {Steffen, L. and Salathe, Y. and Oppliger, M. and Kurpiers, P. and Baur, M. and Lang, C. and Eichler, C. and Puebla-Hellmann, G. and Fedorov, A. and Wallraff, A.},
  urldate = {2015-06-09},
  pages = {319--322},
  keywords = {Microwave photonics,Quantum information,Qubits,Superconducting properties and materials}
}

@article{Yeung__2012,
  title = {Anti-reflection coating for nitrogen-vacancy optical measurements in diamond},
  volume = {100},
  url = {http://scitation.aip.org/content/aip/journal/apl/100/25/10.1063/1.4730401},
  doi = {10.1063/1.4730401},
  number = {25},
  journaltitle = {Applied Physics Letters},
  shortjournal = {Appl. Phys. Lett.},
  author = {Yeung, T. K. and Sage, D. Le and Pham, L. M. and Stanwix, P. L. and Walsworth, R. L.},
  urldate = {2015-07-02},
  pages = {251111},
  keywords = {Antireflective coatings,Diamond,Elemental semiconductors,Fluorescence,Silica}
}

@article{Jelezko_Phys.Rev.Lett._2004,
  title = {Observation of Coherent Oscillation of a Single Nuclear Spin and Realization of a Two-Qubit Conditional Quantum Gate},
  volume = {93},
  url = {http://link.aps.org/doi/10.1103/PhysRevLett.93.130501},
  doi = {10.1103/PhysRevLett.93.130501},
  number = {13},
  journaltitle = {Physical Review Letters},
  shortjournal = {Phys. Rev. Lett.},
  author = {Jelezko, F. and Gaebel, T. and Popa, I. and Domhan, M. and Gruber, A. and Wrachtrup, J.},
  urldate = {2015-06-23},
  pages = {130501}
}

@article{Pfaff_NatPhys_2013,
  title = {Demonstration of entanglement-by-measurement of solid-state qubits},
  volume = {9},
  url = {http://www.nature.com/nphys/journal/v9/n1/abs/nphys2444.html},
  doi = {10.1038/nphys2444},
  number = {1},
  journaltitle = {Nature Physics},
  shortjournal = {Nat Phys},
  author = {Pfaff, Wolfgang and Taminiau, Tim H. and Robledo, Lucio and Bernien, Hannes and Markham, Matthew and Twitchen, Daniel J. and Hanson, Ronald},
  urldate = {2015-06-09},
  pages = {29--33},
  keywords = {Condensed-matter physics,Quantum physics}
}

@article{Puentes_Sci.Rep._2014,
  title = {Efficient route to high-bandwidth nanoscale magnetometry using single spins in diamond},
  volume = {4},
  url = {http://www.nature.com/srep/2014/140414/srep04677/full/srep04677.html},
  doi = {10.1038/srep04677},
  journaltitle = {Scientific Reports},
  shortjournal = {Sci. Rep.},
  author = {Puentes, Graciana and Waldherr, Gerald and Neumann, Philipp and Balasubramanian, Gopalakrishnan and Wrachtrup, Jörg},
  urldate = {2015-07-02},
  keywords = {Nanosensors}
}

@article{Bassett_Phys.Rev.Lett._2011,
  title = {Electrical Tuning of Single Nitrogen-Vacancy Center Optical Transitions Enhanced by Photoinduced Fields},
  volume = {107},
  url = {http://link.aps.org/doi/10.1103/PhysRevLett.107.266403},
  doi = {10.1103/PhysRevLett.107.266403},
  number = {26},
  journaltitle = {Physical Review Letters},
  shortjournal = {Phys. Rev. Lett.},
  author = {Bassett, L. C. and Heremans, F. J. and Yale, C. G. and Buckley, B. B. and Awschalom, D. D.},
  urldate = {2015-06-09},
  pages = {266403}
}

@article{Hosten_Science_2008,
  eprinttype = {pmid},
  eprint = {18187623},
  title = {Observation of the Spin Hall Effect of Light via Weak Measurements},
  volume = {319},
  url = {http://www.sciencemag.org/content/319/5864/787},
  doi = {10.1126/science.1152697},
  number = {5864},
  journaltitle = {Science},
  author = {Hosten, Onur and Kwiat, Paul},
  urldate = {2015-07-02},
  pages = {787--790}
}

@article{Wiseman_Phys.Rev.Lett._2012,
  title = {Are Dynamical Quantum Jumps Detector Dependent?},
  volume = {108},
  url = {http://link.aps.org/doi/10.1103/PhysRevLett.108.220402},
  doi = {10.1103/PhysRevLett.108.220402},
  number = {22},
  journaltitle = {Physical Review Letters},
  shortjournal = {Phys. Rev. Lett.},
  author = {Wiseman, Howard M. and Gambetta, Jay M.},
  urldate = {2015-07-02},
  pages = {220402}
}

@article{Murch_Nature_2013,
  title = {Observing single quantum trajectories of a superconducting quantum bit},
  volume = {502},
  url = {http://www.nature.com/nature/journal/v502/n7470/full/nature12539.html},
  doi = {10.1038/nature12539},
  number = {7470},
  journaltitle = {Nature},
  author = {Murch, K. W. and Weber, S. J. and Macklin, C. and Siddiqi, I.},
  urldate = {2015-07-02},
  pages = {211--214},
  keywords = {Quantum information,Quantum metrology,Quantum optics,Qubits}
}

@article{Corcoles_NatCommun_2015,
  title = {Demonstration of a quantum error detection code using a square lattice of four superconducting qubits},
  volume = {6},
  url = {http://www.nature.com/ncomms/2015/150429/ncomms7979/full/ncomms7979.html},
  doi = {10.1038/ncomms7979},
  journaltitle = {Nature Communications},
  shortjournal = {Nat Commun},
  author = {Córcoles, A. D. and Magesan, Easwar and Srinivasan, Srikanth J. and Cross, Andrew W. and Steffen, M. and Gambetta, Jay M. and Chow, Jerry M.},
  urldate = {2015-07-02},
  keywords = {Applied physics,Physical sciences}
}

@article{Christle_NatMater_2015,
  title = {Isolated electron spins in silicon carbide with millisecond coherence times},
  volume = {14},
  url = {http://www.nature.com/nmat/journal/v14/n2/full/nmat4144.html},
  doi = {10.1038/nmat4144},
  number = {2},
  journaltitle = {Nature Materials},
  shortjournal = {Nat Mater},
  author = {Christle, David J. and Falk, Abram L. and Andrich, Paolo and Klimov, Paul V. and Hassan, Jawad Ul and Son, Nguyen T. and Janzén, Erik and Ohshima, Takeshi and Awschalom, David D.},
  urldate = {2015-07-02},
  pages = {160--163}
}

@article{Sushkov_Phys.Rev.Lett._2014,
  title = {Magnetic Resonance Detection of Individual Proton Spins Using Quantum Reporters},
  volume = {113},
  url = {http://link.aps.org/doi/10.1103/PhysRevLett.113.197601},
  doi = {10.1103/PhysRevLett.113.197601},
  number = {19},
  journaltitle = {Physical Review Letters},
  shortjournal = {Phys. Rev. Lett.},
  author = {Sushkov, A. O. and Lovchinsky, I. and Chisholm, N. and Walsworth, R. L. and Park, H. and Lukin, M. D.},
  urldate = {2015-07-02},
  pages = {197601}
}

@comment{jabref-meta: groupsversion:3;}
@comment{jabref-meta: groupstree:
0 AllEntriesGroup:;
1 ExplicitGroup:Thesis_C13_dephasing_LDE\;0\;Robledo_Nature_2011\;Gao_
NatPhoton_2015\;Moehring_Nature_2007\;Ritter_Nature_2012\;Kimble_Natur
e_2008\;Childress_Phys.Rev.Lett._2006\;Togan_Nature_2010\;Campbell_Phy
s.Rev.Lett._2008\;vanderSar_Nature_2012\;Barrett_Phys.Rev.A_2005\;Benn
ett_Phys.Rev.Lett._1996\;Childress__2013\;Hofmann_Science_2012\;Neuman
n_Science_2008\;Maurer_Science_2012\;Briegel_Phys.Rev.Lett._1998\;Pfaf
f_Science_2014\;Bernien_Nature_2013\;Tamarat_NewJ.Phys._2008\;Taminiau
_Phys.Rev.Lett._2012\;Kolkowitz_Phys.Rev.Lett._2012\;Zhao_NatNano_2012
\;Taminiau_NatNano_2014\;Dutt_Science_2007\;Jelezko_Phys.Rev.Lett._200
4\;Fuchs_NatPhys_2011\;Smeltzer_Phys.Rev.A_2009\;Laraoui_NatCommun_201
3\;Doherty_PhysicsReports_2013\;;
1 ExplicitGroup:Thesis_ch_adptv_msmnt_cntrl\;0\;Robledo_Nature_2011\;C
appellaro_Phys.Rev.A_2012\;Raussendorf_Phys.Rev.Lett._2001\;Pfaff_NatP
hys_2013\;Dolde_NatPhys_2013\;Jiang_Phys.Rev.Lett._2008\;Taminiau_Phys
.Rev.Lett._2012\;Kolkowitz_Phys.Rev.Lett._2012\;Groen_Phys.Rev.Lett._2
013\;;
1 ExplicitGroup:Thesis_ch_adptv_msmnt_magnetometry\;0\;Blok_NatPhys_20
14\;Giovannetti_NatPhoton_2011\;Higgins_Nature_2007\;Degen__2008\;Tayl
or_NatPhys_2008\;Maze_Nature_2008\;Balasubramanian_Nature_2008\;Balasu
bramanian_NatMater_2009\;Dolde_NatPhys_2011\;Acosta_Phys.Rev.Lett._201
0\;Toyli_PNAS_2013\;Ovartchaiyapong_NatCommun_2014\;LeSage_Nature_2013
\;Kucsko_Nature_2013\;Shi_Science_2015\;Maletinsky_NatNano_2012\;Staud
acher_Science_2013\;Mamin_Science_2013\;Tetienne_Science_2014\;Kolkowi
tz_Science_2015\;Said_Phys.Rev.B_2011\;Waldherr_NatNano_2012\;Nusran_N
atNano_2012\;Vijay_Nature_2012\;Shulman_NatCommun_2014\;Robledo_Nature
_2011\;Cappellaro_Phys.Rev.A_2012\;Hentschel_Phys.Rev.Lett._2010\;Haye
s_Phys.Rev.A_2014\;;
1 ExplicitGroup:Thesis_ch_LDE_teleportation\;0\;Blok_NatPhys_2014\;Rob
ledo_Nature_2011\;Nielsen__2000\;Raussendorf_Phys.Rev.Lett._2001\;Moeh
ring_Nature_2007\;Ritter_Nature_2012\;Kimble_Nature_2008\;Duan_Nature_
2001\;Childress_Phys.Rev.Lett._2006\;Pfaff_NatPhys_2013\;Ladd_Nature_2
010\;Togan_Nature_2010\;Gao_Nature_2012\;DeGreve_Nature_2012\;Bernien_
Phys.Rev.Lett._2012\;Sipahigil_Phys.Rev.Lett._2012\;Patel_NatPhoton_20
10\;Flagg_Phys.Rev.Lett._2010\;vanderSar_Nature_2012\;Dolde_NatPhys_20
13\;Barrett_Phys.Rev.A_2005\;Bassett_Phys.Rev.Lett._2011\;Robledo_Phys
.Rev.Lett._2010\;Hong_Phys.Rev.Lett._1987\;Fu_Phys.Rev.Lett._2009\;Aha
ronovich_NatPhoton_2011\;Hofmann_Science_2012\;Neumann_Science_2008\;M
aurer_Science_2012\;Neumann_Science_2010\;Fuchs_Science_2009\;Lange_Sc
ience_2010\;Awschalom_Science_2013\;Devoret_Science_2013\;Monroe_Scien
ce_2013\;Briegel_Phys.Rev.Lett._1998\;Barz_Science_2012\;Wootters_Natu
re_1982\;Bennett_Phys.Rev.Lett._1993\;Bouwmeester_Nature_1997\;Furusaw
a_Science_1998\;Takeda_Nature_2013\;Olmschenk_Science_2009\;Nolleke_Ph
ys.Rev.Lett._2013\;Krauter_NatPhys_2013\;Riebe_Nature_2004\;Barrett_Na
ture_2004\;Steffen_Nature_2013\;Bernien_Nature_2013\;Siyushev_Phys.Rev
.Lett._2013\;Jiang_Phys.Rev.Lett._2008\;Ryan_Phys.Rev.Lett._2010\;Nayd
enov_Phys.Rev.B_2011\;Massar_Phys.Rev.Lett._1995\;Nickerson_NatCommun_
2013\;Taminiau_Phys.Rev.Lett._2012\;Loncar__2013\;Brunner_Rev.Mod.Phys
._2014\;Kolkowitz_Phys.Rev.Lett._2012\;Zhao_NatNano_2012\;Taminiau_Nat
Nano_2014\;;
}

