%% Created using Papers on Thu, 13 Mar 2014.
%% http://papersapp.com/papers/

@article{1993PhRvL..70.1895B,
author = {Bennett, C H and Brassard, G and Cr{\'e}peau, C and Jozsa, R and Peres, A and Wootters, W K},
title = {{Teleporting an unknown quantum state via dual classical and Einstein-Podolsky-Rosen channels.}},
journal = {Phys. Rev. Lett.},
year = {1993},
volume = {70},
number = {13},
pages = {1895--1899},
month = mar
}

@article{Awschalom:2013in,
author = {Awschalom, D D and Bassett, L C and Dzurak, A S and Hu, E L and Petta, J R},
title = {{Quantum spintronics: engineering and manipulating atom-like spins in semiconductors.}},
journal = {Science},
year = {2013},
volume = {339},
number = {6124},
pages = {1174--1179},
month = mar
}

@article{2011PhRvB..83h1201N,
author = {Naydenov, Boris and Dolde, Florian and Hall, Liam T. and Shin, Chang and Fedder, Helmut and Hollenberg, Lloyd C. L. and Jelezko, Fedor and Wrachtrup, J{\"o}rg},
title = {{Dynamical decoupling of a single-electron spin at room temperature}},
journal = {Phys. Rev. B},
year = {2011},
volume = {83},
number = {8},
pages = {81201},
month = feb
}

@article{2013NatCo...4E1756N,
author = {Nickerson, Naomi H and Li, Ying and Benjamin, Simon C},
title = {{Topological quantum computing with a very noisy network and local error rates approaching one percent.}},
journal = {Nature Commun.},
year = {2013},
volume = {4},
pages = {1756}
}

@article{2010Sci...330...60D,
author = {de Lange, G and Wang, Z H and Riste, D and Dobrovitski, V. V. and Hanson, R},
title = {{Universal Dynamical Decoupling of a Single Solid-State Spin from a Spin Bath}},
journal = {Science},
year = {2010},
volume = {330},
number = {6},
pages = {60--63},
month = oct
}

@article{2013Sci...339.1169D,
author = {Devoret, M H and Schoelkopf, R J},
title = {{Superconducting circuits for quantum information: an outlook.}},
journal = {Science},
year = {2013},
volume = {339},
number = {6124},
pages = {1169--1174},
month = mar
}

@article{Barrett:2004kf,
author = {Barrett, M D and Chiaverini, J and Schaetz, T and Britton, J and Itano, W M and Jost, J D and Knill, E and Langer, C and Leibfried, D and Ozeri, R and Wineland, D J},
title = {{Deterministic quantum teleportation of atomic qubits.}},
journal = {Nature},
year = {2004},
volume = {429},
number = {6993},
pages = {737--739},
month = jun
}

@article{Doe:1900uz,
author = {Doe, John},
title = {{This is a dummy}},
journal = {Dummy Journal},
year = {1900},
volume = {1},
pages = {1}
}

@article{1995PhRvL..74.1259M,
author = {Massar, S and Popescu, S},
title = {{Optimal extraction of information from finite quantum ensembles.}},
journal = {Phys. Rev. Lett.},
year = {1995},
volume = {74},
number = {8},
pages = {1259--1263},
month = feb
}

@article{Robledo:2011fs,
author = {Robledo, Lucio and Childress, Lilian and Bernien, Hannes and Hensen, Bas and Alkemade, Paul F A and Hanson, Ronald},
title = {{High-fidelity projective read-out of a solid-state spin quantum register}},
journal = {Nature},
year = {2011},
volume = {477},
number = {7366},
pages = {574--578},
month = sep
}

@article{Bao:2012fw,
author = {Bao, Xiao-Hui and Xu, Xiao-Fan and Li, Che-Ming and Yuan, Zhen-Sheng and Lu, Chao-Yang and Pan, Jian-Wei},
title = {{Quantum teleportation between remote atomic-ensemble quantum memories.}},
journal = {Proc. Natl. Acad. Sci. U.S.A.},
year = {2012},
volume = {109},
number = {50},
pages = {20347--20351},
month = dec
}

@article{2010PhRvL.105t0402R,
author = {Ryan, C A and Hodges, J S and Cory, D G},
title = {{Robust Decoupling Techniques to Extend Quantum Coherence in Diamond}},
journal = {Phys. Rev. Lett.},
year = {2010},
volume = {105},
number = {2},
pages = {200402},
month = nov,
annote = {Comments: 7 pages, 7 figures}
}

@article{2012ApPhL.100y1111Y,
author = {Yeung, T K and Le Sage, D and Pham, L M and Stanwix, P L and Walsworth, R L},
title = {{Anti-reflection coating for nitrogen-vacancy optical measurements in diamond}},
journal = {Appl. Phys. Lett.},
year = {2012},
volume = {100},
number = {2},
pages = {1111},
month = jun
}

@article{1998PhRvL..81.5932B,
author = {Briegel, H J and D{\"u}r, W and Cirac, J I and Zoller, P},
title = {{Quantum Repeaters: The Role of Imperfect Local Operations in Quantum Communication}},
journal = {Phys. Rev. Lett.},
year = {1998},
volume = {81},
number = {2},
pages = {5932--5935},
month = dec
}

@article{Takeda:2013hn,
author = {Takeda, Shuntaro and Mizuta, Takahiro and Fuwa, Maria and van Loock, Peter and Furusawa, Akira},
title = {{Deterministic quantum teleportation of photonic quantum bits by a hybrid technique}},
journal = {Nature},
year = {2013},
volume = {500},
number = {7462},
pages = {315--318},
month = aug
}

@article{2012Sci...335..303B,
author = {Barz, Stefanie and Kashefi, Elham and Broadbent, Anne and Fitzsimons, Joseph F and Zeilinger, Anton and Walther, Philip},
title = {{Demonstration of blind quantum computing.}},
journal = {Science},
year = {2012},
volume = {335},
number = {6066},
pages = {303--308},
month = jan
}

@article{2013arXiv1303.2849B,
author = {Brunner, Nicolas and Cavalcanti, Daniel and Pironio, Stefano and Scarani, Valerio and Wehner, Stephanie},
title = {{Bell nonlocality}},
journal = {arXiv},
year = {2013},
eprint = {1303.2849},
eprinttype = {arxiv},
eprintclass = {1303},
pages = {2849},
month = mar
}

@article{2013NatPh...9...29P,
author = {Pfaff, Wolfgang and Taminiau, Tim H and Robledo, Lucio and Bernien, Hannes and Markham, Matthew and Twitchen, Daniel J and Hanson, Ronald},
title = {{Demonstration of entanglement-by-measurement of solid-state qubits}},
journal = {Nature Phys.},
year = {2013},
volume = {9},
number = {1},
pages = {29--33},
month = jan,
annote = {10.1038/nphys2444}
}

@article{1982Natur.299..802W,
author = {Wootters, W K and Zurek, W H},
title = {{A single quantum cannot be cloned}},
journal = {Nature},
year = {1982},
volume = {299},
number = {5886},
pages = {802--803},
month = oct
}

@article{Blok:2014ih,
author = {Blok, M S and Bonato, C and Markham, M L and Twitchen, D J and Dobrovitski, V V and Hanson, R},
title = {{Manipulating a qubit through the backaction of sequential partial measurements and real-time~feedback}},
journal = {Nature Phys.},
year = {2014},
month = feb
}

@article{2013CoPhC.184.1234J,
author = {Johansson, J R and Nation, P D and Nori, Franco},
title = {{QuTiP 2: A Python framework for the dynamics of open quantum systems}},
journal = {Computer Physics Communications},
year = {2013},
volume = {184},
number = {4},
pages = {1234--1240},
month = apr
}

@article{Bouwmeester:1997wk,
author = {Bouwmeester, D. and Pan, JW and Mattle, K and Eibl, M and Weinfurter, H and Zeilinger, A},
title = {{Experimental quantum teleportation}},
journal = {Nature},
year = {1997},
volume = {390},
number = {6660},
pages = {575--579}
}

@article{2013Natur.500..319S,
author = {Steffen, L and Salathe, Y and Oppliger, M and Kurpiers, P and Baur, M and Lang, C and Eichler, C and Puebla-Hellmann, G and Fedorov, A and Wallraff, Andreas},
title = {{Deterministic quantum teleportation with feed-forward in a solid state system.}},
journal = {Nature},
year = {2013},
volume = {500},
number = {7462},
pages = {319--322},
month = aug
}

@article{2008PhRvL.100g3001J,
author = {Jiang, L. and Dutt, M V Gurudev and Togan, E. and Childress, L. and Cappellaro, P and Taylor, J M and Lukin, M. D.},
title = {{Coherence of an Optically Illuminated Single Nuclear Spin Qubit}},
journal = {Phys. Rev. Lett.},
year = {2008},
volume = {100},
number = {7},
pages = {073001},
month = feb
}

@article{2005PhRvA..71f0310B,
author = {Barrett, Sean D and Kok, Pieter},
title = {{Efficient high-fidelity quantum computation using matter qubits and linear optics}},
journal = {Phys. Rev. A},
year = {2005},
volume = {71},
number = {6},
pages = {60310},
month = jun
}

@article{vanderSar:2012if,
author = {van der Sar, T. and Wang, Z H and Blok, M S and Bernien, H and Taminiau, T. H. and Toyli, D. M. and Lidar, D A and Awschalom, D. D. and Hanson, R and Dobrovitski, V. V.},
title = {{Decoherence-protected quantum gates for a hybrid solid-state spin register}},
journal = {Nature},
year = {2012},
volume = {484},
number = {7392},
pages = {82--86},
month = mar
}

@article{2011ApPhL..98m3107M,
author = {Marseglia, L. and Hadden, J. P. and Stanley-Clarke, A. C. and Harrison, J. P. and Patton, B. and Ho, Y-L. D. and Naydenov, B. and Jelezko, F and Meijer, J. and Dolan, P. R. and Smith, J. M. and Rarity, J. G. and O'Brien, J. L.},
title = {{Nanofabricated solid immersion lenses registered to single emitters in diamond}},
journal = {Appl. Phys. Lett.},
year = {2011},
volume = {98},
number = {1},
pages = {3107},
month = mar
}

@article{2013Sci...339.1164M,
author = {Monroe, C and Kim, J},
title = {{Scaling the ion trap quantum processor.}},
journal = {Science},
year = {2013},
volume = {339},
number = {6124},
pages = {1164--1169},
month = mar
}

@article{2013Natur.497...86B,
author = {Bernien, H and Hensen, B and Pfaff, Wolfgang and Koolstra, G and Blok, M S and Robledo, L and Taminiau, T H and Markham, M and Twitchen, D J and Childress, L and Hanson, R},
title = {{Heralded entanglement between solid-state qubits separated by three metres.}},
journal = {Nature},
year = {2013},
volume = {497},
number = {7447},
pages = {86--90},
month = may
}

@article{2010ApPhL..97x1901H,
author = {Hadden, J. P. and Harrison, J. P. and Stanley-Clarke, A. C. and Marseglia, L. and Ho, Y-L. D. and Patton, B. R. and O'Brien, J. L. and Rarity, J. G.},
title = {{Strongly enhanced photon collection from diamond defect centers under microfabricated integrated solid immersion lenses}},
journal = {Appl. Phys. Lett.},
year = {2010},
volume = {97},
number = {2},
pages = {1901},
month = dec
}

@article{2008Natur.453.1023K,
author = {Kimble, H J},
title = {{The quantum internet}},
journal = {Nature},
year = {2008},
volume = {453},
number = {7},
pages = {1023--1030},
month = jun
}

@article{2010Sci...329..542N,
author = {Neumann, Philipp and Beck, Johannes and Steiner, Matthias and Rempp, Florian and Fedder, Helmut and Hemmer, Philip R and Wrachtrup, J{\"o}rg and Jelezko, Fedor},
title = {{Single-Shot Readout of a Single Nuclear Spin}},
journal = {Science},
year = {2010},
volume = {329},
number = {5},
pages = {542--544},
month = jul
}

@article{2003PhRvA..67d2308C,
author = {Cummins, Holly K and Llewellyn, Gavin and Jones, Jonathan A.},
title = {{Tackling systematic errors in quantum logic gates with composite rotations}},
journal = {Phys. Rev. A},
year = {2003},
volume = {67},
number = {4},
pages = {42308},
month = apr
}

@article{Olmschenk:2009dr,
author = {Olmschenk, S and Matsukevich, D N and Maunz, P and Hayes, D and Duan, L.- M. and Monroe, C},
title = {{Quantum teleportation between distant matter qubits.}},
journal = {Science},
year = {2009},
volume = {323},
number = {5913},
pages = {486--489},
month = jan
}

@article{1998Sci...282..706F,
author = {Furusawa, A and Sorensen, JL and Braunstein, SL and Fuchs, CA and Kimble, HJ and Polzik, ES},
title = {{Unconditional quantum teleportation}},
journal = {Science},
year = {1998},
volume = {282},
number = {5389},
pages = {706--709},
month = oct
}

@article{1999Natur.402..390G,
author = {Gottesman, Daniel and Chuang, Isaac L.},
title = {{Demonstrating the viability of universal quantum computation using teleportation and single-qubit operations}},
journal = {Nature},
year = {1999},
volume = {402},
number = {6},
pages = {390--393},
month = nov
}

@article{Riebe:2004cz,
author = {Riebe, M and H{\"a}ffner, H and Roos, C F and H{\"a}nsel, W and Benhelm, J and Lancaster, G P T and K{\"o}rber, T W and Becher, C and Schmidt-Kaler, F and James, D F V and Blatt, R},
title = {{Deterministic quantum teleportation with atoms.}},
journal = {Nature},
year = {2004},
volume = {429},
number = {6993},
pages = {734--737},
month = jun
}

@article{Nolleke:2013ha,
author = {N{\"o}lleke, Christian and Neuzner, Andreas and Reiserer, Andreas and Hahn, Carolin and Rempe, Gerhard and Ritter, Stephan},
title = {{Efficient Teleportation Between Remote Single-Atom Quantum Memories}},
journal = {Phys. Rev. Lett.},
year = {2013},
volume = {110},
number = {14},
pages = {140403},
month = apr
}

@article{2013NatPh...9..400K,
author = {Krauter, H and Salart, D and Muschik, C A and Petersen, J M and Shen, Heng and Fernholz, T and Polzik, E S},
title = {{Deterministic quantum teleportation between distant atomic objects}},
journal = {Nature Phys.},
year = {2013},
volume = {9},
number = {7},
pages = {400--404},
month = jul
}

@article{Siyushev:2013en,
author = {Siyushev, P. and Pinto, H and V{\"o}r{\"o}s, M and Gali, A. and Jelezko, F and Wrachtrup, J},
title = {{Optically Controlled Switching of the Charge State of a Single Nitrogen-Vacancy Center in Diamond at Cryogenic Temperatures}},
journal = {Phys. Rev. Lett.},
year = {2013},
volume = {110},
number = {16},
pages = {167402},
month = apr
}

