
@article{Robledo_Nature_2011,
  title = {High-fidelity projective read-out of a solid-state spin quantum register},
  volume = {477},
  copyright = {{\textcopyright} 2011 Nature Publishing Group, a division of Macmillan Publishers Limited. All Rights Reserved.},
  url = {http://www.nature.com/nature/journal/v477/n7366/full/nature10401.html},
  doi = {10.1038/nature10401},
  language = {en},
  number = {7366},
  urldate = {2015-06-03},
  journal = {Nature},
  author = {Robledo, Lucio and Childress, Lilian and Bernien, Hannes and Hensen, Bas and Alkemade, Paul F. A. and Hanson, Ronald},
  month = sep,
  year = {2011},
  keywords = {Applied physics and engineering,Physics},
  pages = {574--578}
}

@article{Gao_NatPhoton_2015,
  title = {Coherent manipulation, measurement and entanglement of individual solid-state spins using optical fields},
  volume = {9},
  copyright = {{\textcopyright} 2015 Nature Publishing Group, a division of Macmillan Publishers Limited. All Rights Reserved.},
  url = {http://www.nature.com/nphoton/journal/v9/n6/full/nphoton.2015.58.html},
  doi = {10.1038/nphoton.2015.58},
  language = {en},
  number = {6},
  urldate = {2015-06-23},
  journal = {Nature Photonics},
  author = {Gao, W. B. and Imamoglu, A. and Bernien, H. and Hanson, R.},
  month = jun,
  year = {2015},
  pages = {363--373}
}

@article{Moehring_Nature_2007,
  title = {Entanglement of single-atom quantum bits at a distance},
  volume = {449},
  copyright = {{\textcopyright} 2007 Nature Publishing Group},
  url = {http://www.nature.com/nature/journal/v449/n7158/full/nature06118.html},
  doi = {10.1038/nature06118},
  language = {en},
  number = {7158},
  urldate = {2015-06-09},
  journal = {Nature},
  author = {Moehring, D. L. and Maunz, P. and Olmschenk, S. and Younge, K. C. and Matsukevich, D. N. and Duan, L.-M. and Monroe, C.},
  month = sep,
  year = {2007},
  pages = {68--71}
}

@article{Ritter_Nature_2012,
  title = {An elementary quantum network of single atoms in optical cavities},
  volume = {484},
  copyright = {{\textcopyright} 2012 Nature Publishing Group, a division of Macmillan Publishers Limited. All Rights Reserved.},
  url = {http://www.nature.com/nature/journal/v484/n7393/full/nature11023.html},
  doi = {10.1038/nature11023},
  language = {en},
  number = {7393},
  urldate = {2015-06-09},
  journal = {Nature},
  author = {Ritter, Stephan and N{\"o}lleke, Christian and Hahn, Carolin and Reiserer, Andreas and Neuzner, Andreas and Uphoff, Manuel and M{\"u}cke, Martin and Figueroa, Eden and Bochmann, Joerg and Rempe, Gerhard},
  month = apr,
  year = {2012},
  keywords = {Physics},
  pages = {195--200}
}

@article{Kimble_Nature_2008,
  title = {The quantum internet},
  volume = {453},
  copyright = {{\textcopyright} 2008 Nature Publishing Group},
  url = {http://www.nature.com/nature/journal/v453/n7198/abs/nature07127.html},
  doi = {10.1038/nature07127},
  language = {en},
  number = {7198},
  urldate = {2015-06-09},
  journal = {Nature},
  author = {Kimble, H. J.},
  month = jun,
  year = {2008},
  pages = {1023--1030}
}

@article{Childress_Phys.Rev.Lett._2006,
  title = {Fault-Tolerant Quantum Communication Based on Solid-State Photon Emitters},
  volume = {96},
  url = {http://link.aps.org/doi/10.1103/PhysRevLett.96.070504},
  doi = {10.1103/PhysRevLett.96.070504},
  number = {7},
  urldate = {2015-06-09},
  journal = {Physical Review Letters},
  author = {Childress, L. and Taylor, J. M. and S{\o}rensen, A. S. and Lukin, M. D.},
  month = feb,
  year = {2006},
  pages = {070504}
}

@article{Togan_Nature_2010,
  title = {Quantum entanglement between an optical photon and a solid-state spin qubit},
  volume = {466},
  copyright = {{\textcopyright} 2010 Nature Publishing Group, a division of Macmillan Publishers Limited. All Rights Reserved.},
  url = {http://www.nature.com/nature/journal/v466/n7307/abs/nature09256.html},
  doi = {10.1038/nature09256},
  language = {en},
  number = {7307},
  urldate = {2015-06-09},
  journal = {Nature},
  author = {Togan, E. and Chu, Y. and Trifonov, A. S. and Jiang, L. and Maze, J. and Childress, L. and Dutt, M. V. G. and S{\o}rensen, A. S. and Hemmer, P. R. and Zibrov, A. S. and Lukin, M. D.},
  month = aug,
  year = {2010},
  keywords = {Applied physics,Engineering},
  pages = {730--734}
}

@article{Campbell_Phys.Rev.Lett._2008,
  title = {Measurement-Based Entanglement under Conditions of Extreme Photon Loss},
  volume = {101},
  url = {http://link.aps.org/doi/10.1103/PhysRevLett.101.130502},
  doi = {10.1103/PhysRevLett.101.130502},
  number = {13},
  urldate = {2015-06-23},
  journal = {Physical Review Letters},
  author = {Campbell, Earl T. and Benjamin, Simon C.},
  month = sep,
  year = {2008},
  pages = {130502}
}

@article{vanderSar_Nature_2012,
  title = {Decoherence-protected quantum gates for a hybrid solid-state spin register},
  volume = {484},
  copyright = {{\textcopyright} 2012 Nature Publishing Group, a division of Macmillan Publishers Limited. All Rights Reserved.},
  url = {http://www.nature.com/nature/journal/v484/n7392/full/nature10900.html},
  doi = {10.1038/nature10900},
  language = {en},
  number = {7392},
  urldate = {2015-06-09},
  journal = {Nature},
  author = {van der Sar, T. and Wang, Z. H. and Blok, M. S. and Bernien, H. and Taminiau, T. H. and Toyli, D. M. and Lidar, D. A. and Awschalom, D. D. and Hanson, R. and Dobrovitski, V. V.},
  month = apr,
  year = {2012},
  keywords = {Physics},
  pages = {82--86}
}

@article{Barrett_Phys.Rev.A_2005,
  title = {Efficient high-fidelity quantum computation using matter qubits and linear optics},
  volume = {71},
  url = {http://link.aps.org/doi/10.1103/PhysRevA.71.060310},
  doi = {10.1103/PhysRevA.71.060310},
  number = {6},
  urldate = {2015-06-09},
  journal = {Physical Review A},
  author = {Barrett, Sean D. and Kok, Pieter},
  month = jun,
  year = {2005},
  pages = {060310}
}

@article{Bennett_Phys.Rev.Lett._1996,
  title = {Purification of Noisy Entanglement and Faithful Teleportation via Noisy Channels},
  volume = {76},
  url = {http://link.aps.org/doi/10.1103/PhysRevLett.76.722},
  doi = {10.1103/PhysRevLett.76.722},
  number = {5},
  urldate = {2015-06-23},
  journal = {Physical Review Letters},
  author = {Bennett, Charles H. and Brassard, Gilles and Popescu, Sandu and Schumacher, Benjamin and Smolin, John A. and Wootters, William K.},
  month = jan,
  year = {1996},
  pages = {722--725}
}

@article{Childress__2013,
  title = {Diamond {NV} centers for quantum computing and quantum networks},
  volume = {38},
  url = {http://journals.cambridge.org/article_S0883769413000201},
  doi = {10.1557/mrs.2013.20},
  number = {02},
  urldate = {2015-06-23},
  journal = {{MRS} Bulletin},
  author = {Childress, Lilian and Hanson, Ronald},
  month = feb,
  year = {2013},
  pages = {134--138}
}

@article{Hofmann_Science_2012,
  pmid = {22767924},
  title = {Heralded Entanglement Between Widely Separated Atoms},
  volume = {337},
  url = {http://www.sciencemag.org/content/337/6090/72},
  doi = {10.1126/science.1221856},
  language = {en},
  number = {6090},
  urldate = {2015-06-09},
  journal = {Science},
  author = {Hofmann, Julian and Krug, Michael and Ortegel, Norbert and G{\'e}rard, Lea and Weber, Markus and Rosenfeld, Wenjamin and Weinfurter, Harald},
  month = jul,
  year = {2012},
  pages = {72--75}
}

@article{Maurer_Science_2012,
  pmid = {22679092},
  title = {Room-Temperature Quantum Bit Memory Exceeding One Second},
  volume = {336},
  url = {http://www.sciencemag.org/content/336/6086/1283},
  doi = {10.1126/science.1220513},
  language = {en},
  number = {6086},
  urldate = {2015-06-09},
  journal = {Science},
  author = {Maurer, P. C. and Kucsko, G. and Latta, C. and Jiang, L. and Yao, N. Y. and Bennett, S. D. and Pastawski, F. and Hunger, D. and Chisholm, N. and Markham, M. and Twitchen, D. J. and Cirac, J. I. and Lukin, M. D.},
  month = jun,
  year = {2012},
  pages = {1283--1286}
}

@article{Briegel_Phys.Rev.Lett._1998,
  title = {Quantum Repeaters: The Role of Imperfect Local Operations in Quantum Communication},
  volume = {81},
  shorttitle = {Quantum Repeaters},
  url = {http://link.aps.org/doi/10.1103/PhysRevLett.81.5932},
  doi = {10.1103/PhysRevLett.81.5932},
  number = {26},
  urldate = {2015-06-09},
  journal = {Physical Review Letters},
  author = {Briegel, H.-J. and D{\"u}r, W. and Cirac, J. I. and Zoller, P.},
  month = dec,
  year = {1998},
  pages = {5932--5935}
}

@article{Pfaff_Science_2014,
  pmid = {25082696},
  title = {Unconditional quantum teleportation between distant solid-state quantum bits},
  volume = {345},
  url = {http://www.sciencemag.org/content/345/6196/532},
  doi = {10.1126/science.1253512},
  language = {en},
  number = {6196},
  urldate = {2015-06-23},
  journal = {Science},
  author = {Pfaff, W. and Hensen, B. J. and Bernien, H. and Dam, S. B. van and Blok, M. S. and Taminiau, T. H. and Tiggelman, M. J. and Schouten, R. N. and Markham, M. and Twitchen, D. J. and Hanson, R.},
  month = aug,
  year = {2014},
  pages = {532--535}
}

@article{Bernien_Nature_2013,
  title = {Heralded entanglement between solid-state qubits separated by three metres},
  volume = {497},
  copyright = {{\textcopyright} 2013 Nature Publishing Group, a division of Macmillan Publishers Limited. All Rights Reserved.},
  url = {http://www.nature.com/nature/journal/v497/n7447/full/nature12016.html},
  doi = {10.1038/nature12016},
  language = {en},
  number = {7447},
  urldate = {2015-06-09},
  journal = {Nature},
  author = {Bernien, H. and Hensen, B. and Pfaff, W. and Koolstra, G. and Blok, M. S. and Robledo, L. and Taminiau, T. H. and Markham, M. and Twitchen, D. J. and Childress, L. and Hanson, R.},
  month = may,
  year = {2013},
  keywords = {Quantum information,Quantum mechanics,Quantum optics},
  pages = {86--90}
}

@article{Tamarat_NewJ.Phys._2008,
  title = {Spin-flip and spin-conserving optical transitions of the nitrogen-vacancy centre in diamond},
  volume = {10},
  url = {http://iopscience.iop.org/1367-2630/10/4/045004},
  doi = {10.1088/1367-2630/10/4/045004},
  language = {en},
  number = {4},
  urldate = {2015-06-23},
  journal = {New Journal of Physics},
  author = {Tamarat, Ph and Manson, N. B. and Harrison, J. P. and {McMurtrie}, R. L. and Nizovtsev, A. and Santori, C. and Beausoleil, R. G. and Neumann, P. and Gaebel, T. and Jelezko, F. and Hemmer, P. and Wrachtrup, J.},
  month = jan,
  year = {2008},
  pages = {045004}
}

@article{Taminiau_Phys.Rev.Lett._2012,
  title = {Detection and Control of Individual Nuclear Spins Using a Weakly Coupled Electron Spin},
  volume = {109},
  url = {http://link.aps.org/doi/10.1103/PhysRevLett.109.137602},
  doi = {10.1103/PhysRevLett.109.137602},
  number = {13},
  urldate = {2015-06-09},
  journal = {Physical Review Letters},
  author = {Taminiau, T. H. and Wagenaar, J. J. T. and van der Sar, T. and Jelezko, F. and Dobrovitski, V. V. and Hanson, R.},
  month = sep,
  year = {2012},
  pages = {137602}
}

@article{Neumann_Science_2008a,
  pmid = {18535240},
  title = {Multipartite Entanglement Among Single Spins in Diamond},
  volume = {320},
  url = {http://www.sciencemag.org/content/320/5881/1326},
  doi = {10.1126/science.1157233},
  language = {en},
  number = {5881},
  urldate = {2015-06-23},
  journal = {Science},
  author = {Neumann, P. and Mizuochi, N. and Rempp, F. and Hemmer, P. and Watanabe, H. and Yamasaki, S. and Jacques, V. and Gaebel, T. and Jelezko, F. and Wrachtrup, J.},
  month = jun,
  year = {2008},
  pages = {1326--1329}
}

@article{Kolkowitz_Phys.Rev.Lett._2012,
  title = {Sensing Distant Nuclear Spins with a Single Electron Spin},
  volume = {109},
  url = {http://link.aps.org/doi/10.1103/PhysRevLett.109.137601},
  doi = {10.1103/PhysRevLett.109.137601},
  number = {13},
  urldate = {2015-06-09},
  journal = {Physical Review Letters},
  author = {Kolkowitz, Shimon and Unterreithmeier, Quirin P. and Bennett, Steven D. and Lukin, Mikhail D.},
  month = sep,
  year = {2012},
  pages = {137601}
}

@article{Zhao_NatNano_2012,
  title = {Sensing single remote nuclear spins},
  volume = {7},
  copyright = {{\textcopyright} 2012 Nature Publishing Group},
  url = {http://www.nature.com/nnano/journal/v7/n10/abs/nnano.2012.152.html},
  doi = {10.1038/nnano.2012.152},
  language = {en},
  number = {10},
  urldate = {2015-06-09},
  journal = {Nature Nanotechnology},
  author = {Zhao, Nan and Honert, Jan and Schmid, Bernhard and Klas, Michael and Isoya, Junichi and Markham, Matthew and Twitchen, Daniel and Jelezko, Fedor and Liu, Ren-Bao and Fedder, Helmut and Wrachtrup, J{\"o}rg},
  month = oct,
  year = {2012},
  keywords = {Nanomagnetism and spintronics,Nanometrology and instrumentation,Nanosensors and other devices},
  pages = {657--662}
}

@article{Taminiau_NatNano_2014,
  title = {Universal control and error correction in multi-qubit spin registers in diamond},
  volume = {9},
  copyright = {{\textcopyright} 2014 Nature Publishing Group},
  url = {http://www.nature.com/nnano/journal/v9/n3/abs/nnano.2014.2.html},
  doi = {10.1038/nnano.2014.2},
  language = {en},
  number = {3},
  urldate = {2015-06-09},
  journal = {Nature Nanotechnology},
  author = {Taminiau, T. H. and Cramer, J. and Sar, T. van der and Dobrovitski, V. V. and Hanson, R.},
  month = mar,
  year = {2014},
  pages = {171--176}
}

@article{Dutt_Science_2007,
  pmid = {17540898},
  title = {Quantum Register Based on Individual Electronic and Nuclear Spin Qubits in Diamond},
  volume = {316},
  url = {http://www.sciencemag.org/content/316/5829/1312},
  doi = {10.1126/science.1139831},
  language = {en},
  number = {5829},
  urldate = {2015-06-23},
  journal = {Science},
  author = {Dutt, M. V. Gurudev and Childress, L. and Jiang, L. and Togan, E. and Maze, J. and Jelezko, F. and Zibrov, A. S. and Hemmer, P. R. and Lukin, M. D.},
  month = jun,
  year = {2007},
  pages = {1312--1316}
}

@article{Jelezko_Phys.Rev.Lett._2004,
  title = {Observation of Coherent Oscillation of a Single Nuclear Spin and Realization of a Two-Qubit Conditional Quantum Gate},
  volume = {93},
  url = {http://link.aps.org/doi/10.1103/PhysRevLett.93.130501},
  doi = {10.1103/PhysRevLett.93.130501},
  number = {13},
  urldate = {2015-06-23},
  journal = {Physical Review Letters},
  author = {Jelezko, F. and Gaebel, T. and Popa, I. and Domhan, M. and Gruber, A. and Wrachtrup, J.},
  month = sep,
  year = {2004},
  pages = {130501}
}

@article{Fuchs_NatPhys_2011,
  title = {A quantum memory intrinsic to single nitrogen-vacancy centres in diamond},
  volume = {7},
  copyright = {{\textcopyright} 2011 Nature Publishing Group},
  url = {http://www.nature.com/nphys/journal/v7/n10/full/nphys2026.html},
  doi = {10.1038/nphys2026},
  language = {en},
  number = {10},
  urldate = {2015-06-23},
  journal = {Nature Physics},
  author = {Fuchs, G. D. and Burkard, G. and Klimov, P. V. and Awschalom, D. D.},
  month = oct,
  year = {2011},
  pages = {789--793}
}

@article{Smeltzer_Phys.Rev.A_2009,
  title = {Robust control of individual nuclear spins in diamond},
  volume = {80},
  url = {http://link.aps.org/doi/10.1103/PhysRevA.80.050302},
  doi = {10.1103/PhysRevA.80.050302},
  number = {5},
  urldate = {2015-06-23},
  journal = {Physical Review A},
  author = {Smeltzer, Benjamin and {McIntyre}, Jean and Childress, Lilian},
  month = nov,
  year = {2009},
  pages = {050302}
}


