
@article{Taylor_NatPhys_2008,
  title = {High-sensitivity diamond magnetometer with nanoscale resolution},
  volume = {4},
  copyright = {{\textcopyright} 2008 Nature Publishing Group},
  url = {http://www.nature.com/nphys/journal/v4/n10/abs/nphys1075.html},
  doi = {10.1038/nphys1075},
  language = {en},
  number = {10},
  urldate = {2015-06-03},
  journal = {Nat Phys},
  author = {Taylor, J. M. and Cappellaro, P. and Childress, L. and Jiang, L. and Budker, D. and Hemmer, P. R. and Yacoby, A. and Walsworth, R. and Lukin, M. D.},
  month = oct,
  year = {2008},
  pages = {810--816}
}

@article{Said_Phys.Rev.B_2011,
  title = {Nanoscale magnetometry using a single-spin system in diamond},
  volume = {83},
  url = {http://link.aps.org/doi/10.1103/PhysRevB.83.125410},
  doi = {10.1103/PhysRevB.83.125410},
  number = {12},
  urldate = {2015-06-03},
  journal = {Phys. Rev. B},
  author = {Said, R. S. and Berry, D. W. and Twamley, J.},
  month = mar,
  year = {2011},
  pages = {125410}
}

@article{Waldherr_NatNano_2012,
  title = {High-dynamic-range magnetometry with a single nuclear spin in diamond},
  volume = {7},
  copyright = {{\textcopyright} 2011 Nature Publishing Group},
  url = {http://www.nature.com/nnano/journal/v7/n2/abs/nnano.2011.224.html?WT.ec_id=NNANO-201202},
  doi = {10.1038/nnano.2011.224},
  language = {en},
  number = {2},
  urldate = {2015-06-03},
  journal = {Nat Nano},
  author = {Waldherr, G. and Beck, J. and Neumann, P. and Said, R. S. and Nitsche, M. and Markham, M. L. and Twitchen, D. J. and Twamley, J. and Jelezko, F. and Wrachtrup, J.},
  month = feb,
  year = {2012},
  keywords = {Nanomagnetism and spintronics,Nanometrology and instrumentation,Nanosensors and other devices},
  pages = {105--108}
}

@article{Nusran_NatNano_2012,
  title = {High-dynamic-range magnetometry with a single electronic spin in diamond},
  volume = {7},
  copyright = {{\textcopyright} 2011 Nature Publishing Group},
  url = {http://www.nature.com/nnano/journal/v7/n2/abs/nnano.2011.225.html},
  doi = {10.1038/nnano.2011.225},
  language = {en},
  number = {2},
  urldate = {2015-06-03},
  journal = {Nat Nano},
  author = {Nusran, N. M. and Momeen, M. Ummal and Dutt, M. V. Gurudev},
  month = feb,
  year = {2012},
  keywords = {Nanomagnetism and spintronics,Nanometrology and instrumentation,Nanosensors and other devices},
  pages = {109--113}
}

@article{Cappellaro_Phys.Rev.A_2012,
  title = {Spin-bath narrowing with adaptive parameter estimation},
  volume = {85},
  url = {http://link.aps.org/doi/10.1103/PhysRevA.85.030301},
  doi = {10.1103/PhysRevA.85.030301},
  number = {3},
  urldate = {2015-06-03},
  journal = {Phys. Rev. A},
  author = {Cappellaro, Paola},
  month = mar,
  year = {2012},
  pages = {030301}
}

@article{Hentschel_Phys.Rev.Lett._2010,
  title = {Machine Learning for Precise Quantum Measurement},
  volume = {104},
  url = {http://link.aps.org/doi/10.1103/PhysRevLett.104.063603},
  doi = {10.1103/PhysRevLett.104.063603},
  number = {6},
  urldate = {2015-06-03},
  journal = {Phys. Rev. Lett.},
  author = {Hentschel, Alexander and Sanders, Barry C.},
  month = feb,
  year = {2010},
  pages = {063603}
}

@article{Hayes_Phys.Rev.A_2014,
  title = {Swarm optimization for adaptive phase measurements with low visibility},
  volume = {89},
  url = {http://link.aps.org/doi/10.1103/PhysRevA.89.013838},
  doi = {10.1103/PhysRevA.89.013838},
  number = {1},
  urldate = {2015-06-03},
  journal = {Phys. Rev. A},
  author = {Hayes, Alexander J. F. and Berry, Dominic W.},
  month = jan,
  year = {2014},
  pages = {013838}
}

@article{Pfaff_Science_2014,
  title = {Unconditional quantum teleportation between distant solid-state quantum bits},
  volume = {345},
  url = {http://www.sciencemag.org/content/345/6196/532},
  doi = {10.1126/science.1253512},
  language = {en},
  number = {6196},
  urldate = {2015-06-23},
  journal = Science,
  author = {Pfaff, W. and Hensen, B. J. and Bernien, H. and van Dam, S. B. and Blok, M. S. and Taminiau, T. H. and Tiggelman, M. J. and Schouten, R. N. and Markham, M. and Twitchen, D. J. and Hanson, R.},
  month = jan,
  year = {2014},
  pages = {532--535},
  pmid = {25082696}
}

@inproceedings{Bratton__2007,
  title = {Defining a Standard for Particle Swarm Optimization},
  doi = {10.1109/SIS.2007.368035},
  booktitle = {{IEEE} Swarm Intelligence Symposium, 2007. {SIS} 2007},
  author = {Bratton, D. and Kennedy, J.},
  month = apr,
  year = {2007},
  keywords = {Algorithm design and analysis,Biological system modeling,Birds,Educational institutions,heuristic technique,Mathematical model,Measurement standards,particle swarm optimisation,particle swarm optimization,performance testing,Standards development,Statistics,testing},
  pages = {120--127}
}


